3784 6125
271 295 382 359 757

1328 298 1739 365 Expost'rto
1771 299 1994 361 sactu
2028 298 2379 364 SYMBOLI.

3410 303 3523 367 753

259 422 394 484 Θεὸς
448 420 638 490 Πατήρ
667 420 816 473 ἐστιν
841 418 929 474 ἀεὶ
955 417 1048 472 τοῦ
1080 417 1361 489 συμφυοῦς
1390 418 1536 489 αὑτῷ
1571 419 1666 472 καὶ
1695 419 1834 483 ζῶν·
1866 409 1915 470 A
1957 410 2130 466 Credo
2161 414 2214 467 ιἰι
2238 428 2399 466 ιιιιιιηι
2434 411 2598 467 Deum
2636 413 2870 470 Patrem.
2924 415 3339 484 omnipotentem
3390 435 3520 472 vero

262 532 357 575 τος
384 512 720 583 συνανάρχου
753 506 930 579 Λόγου
957 512 1053 565 καὶ
1076 510 1172 563 τοῦ
1196 509 1461 573 ζωοποιοῦ
1494 509 1832 580 Πνεῦματος.

260 605 462 668 Καλῶς
510 603 617 675 ἀρα
651 606 684 676 ἡ
722 604 1025 674 Ἐκκλησία
1074 605 1228 671 φησι,
1285 602 1559 657 Πιστεύω
1610 604 1698 668 είς
1725 602 1837 656 ἕνα

261 699 415 751 Θεὸν
445 697 696 762 Πατέρα.
736 695 1194 762 Παντοκράτορα
1243 693 1321 760 δὲ,
1354 694 1443 748 διά
1472 693 1535 747 τὸ
1557 694 1626 748 τά
1656 692 1835 748 πάντα

260 789 530 859 συνέχειν.
580 788 656 843 Οὐ
697 788 809 857 γὰρ
854 786 992 857 τύχῃ
1023 786 1117 841 καὶ
1147 786 1381 855 γενέσει,
1426 784 1564 840 ἀλλά
1606 785 1835 857 προνοίᾳ

256 878 427 935 αὐτοῦ
456 880 636 933 πάντα
686 877 900 945 ἄγεται,
935 877 984 930 εί
1041 878 1135 929 καὶ
1168 878 1236 930 τά
1272 875 1374 947 μὲν
1396 874 1652 952 εὐδοκῶν,
1679 876 1748 929 τά
1775 875 1833 929 δὲ

258 969 569 1040 συγχωρῶν
614 969 880 1040 ἀρρήτοις
920 967 1234 1036 οίκονομίας
1276 965 1520 1038 τρόποις,
1547 966 1738 1020 διοικεῖ
1773 982 1832 1019 τε

257 1060 359 1115 καὶ
406 1059 719 1128 προνοείται
755 1057 1167 1127 συμφερόντως.
1201 1057 1326 1111 Ἔτι
1371 1055 1834 1125 Παντοκράτορα

255 1150 433 1217 λέγει,
471 1150 553 1203 ὅτι
583 1150 761 1203 πάντα
802 1149 970 1204 αὐτοῦ
1003 1150 1099 1202 καὶ
1124 1148 1184 1214 ἐξ
1228 1148 1393 1204 αὑτοῦ
1419 1148 1832 1219 δημιουργικῶς

254 1238 338 1310 τῷ
366 1239 526 1310 Λόγῳ
554 1255 614 1292 τε
648 1240 741 1292 καὶ
792 1239 871 1310 τῷ
902 1238 1203 1308 Πνεὺμάτι,
1233 1239 1309 1302 ὡς
1337 1241 1403 1293 ὲκ
1457 1240 1532 1310 μὴ
1564 1240 1734 1293 ὄντων
1764 1239 1834 1293 τά

256 1333 437 1386 πάντα
468 1332 852 1403 πεποιηκότος.
889 1333 1072 1388 Ιῐάντα
1094 1332 1187 1386 οὗν
1207 1334 1511 1403 διακρατεῖ,
1541 1334 1629 1387 καὶ
1655 1334 1831 1398 καλῶς

255 1423 650 1495 διακυὸερνῶν,
678 1423 894 1494 συνέχει
918 1424 991 1486 ὡς
1017 1424 1286 1495 βούλεται.
1313 1426 1406 1479 Διὸ
1439 1426 1528 1479 καὶ
1550 1425 1831 1495 ποιήματα

254 1516 454 1571 τούτου
489 1512 723 1571 εἶναιτὰ
747 1514 927 1569 πάντα
957 1514 1017 1569 τὸ
1054 1515 1198 1589 ίερόν
1240 1534 1375 1586 φησι
1413 1515 1713 1588 Σύμὸολον,
1746 1516 1834 1571 λέ·

254 1623 355 1675 γον
388 1607 555 1662 αὐτὸν

258 1718 529 1789 Ποιητὴν
553 1721 816 1790 οὐρανοῦ
841 1722 941 1847 mal
973 1722 1103 1809 γῇς,
1128 1721 1359 1789 ὁρατῶν
1383 1738 1444 1776 τε
1463 1720 1707 1776 πάντων
1728 1718 1828 1777 nat

929 1809 1177 1861 ορατων.

333 1881 408 1936 Τὸ
453 1881 553 1952 μὲν
591 1882 698 1937 ἀπὸ
739 1881 835 1936 τοῦ
879 1884 1159 1948 Μωῦσέως
1192 1882 1490 1953 λαμδάνον,
1525 1883 1586 1936 τδ
1614 1882 1672 1937 δὲ
1718 1882 1829 1937 ἀπὸ

259 1972 356 2027 τοῦ
393 1973 630 2029 Παύλου.
669 1974 931 2029 Ἐνταῦθα
964 1975 1021 2027 δὲ
1051 1976 1169 2044 ἀμα
1193 1976 1285 2029 καὶ
1313 1976 1495 2030 πᾶσαν
1528 1974 1828 2029 ἀπωθεῖται

258 2063 449 2125 allata:
476 2065 748 2121 ἐπίνοιαν.
767 2064 888 2118 Τῶν
918 2083 979 2119 τε
1009 2067 1120 2138 γὰρ
1147 2067 1319 2120 ἀΐδιον
1344 2065 1719 2137 ὕπειληφότων
1733 2066 1828 2121 τὸν

256 2153 508 2223 οὐρανὸν,
534 2155 629 2210 καὶ
661 2156 769 2226 πρὸ
798 2156 987 2212 τούτου
1014 2157 1113 2229 τὴν
1142 2155 1278 2228 ὕλην
1296 2157 1550 2229 ἄναρχον,
1568 2159 1662 2212 καὶ
1687 2156 1828 2222 ίδέας

256 2246 412 2310 τινάς
442 2247 499 2299 ἐν
526 2247 648 2316 Θεῷ
670 2249 771 2318 τὴν
812 2249 1073 2302 ἀπόνοιαν
1113 2251 1405 2320 καταργεῐ,
1443 2250 1538 2303 καὶ
1572 2249 1682 2303 τῶν
1705 2248 1827 2303 θεο-

257 2336 562 2391 ποιοῦντων
590 2338 647 2392 δὲ
681 2339 749 2392 ‘rit
778 2338 954 2406 ἄστρα
983 2340 1081 2411 τὴν
1125 2339 1355 2411 πλάνην,
1389 2340 1484 2394 καὶ
1514 2339 1594 2394 ἔτι
1622 2339 1732 2394 τῶν
1758 2340 1830 2394 τά

256 2429 392 2499 περὶ
417 2429 511 2500 tn:
541 2429 665 2498 γῆς,
701 2431 796 2484 καὶ
823 2433 923 2502 τὴν
956 2433 1059 2501 γῆν
1081 2432 1271 2503 αὐτὴν,
1302 2435 1398 2488 καὶ
1423 2432 1492 2486 τά
1518 2432 1655 2487 ἀλλα
1682 2447 1829 2486 στοι-

254 2521 383 2588 χεῖα
441 2519 598 2583 θεοὺς
649 2520 986 2591 νομιζόντων
1024 2520 1225 2587 ἀθέως,
1257 2522 1354 2576 καὶ
1395 2522 1621 2591 περὶτὰ
1664 2521 1830 2577 λοιπά

255 2612 536 2682 κτίσματα
581 2614 968 2684 πλανωμένων.
1005 2614 1182 2668 Μόνον
1214 2616 1324 2686 γὰρ
1363 2614 1471 2667 τῶν
1500 2614 1639 2669 ὅλων
1664 2630 1832 2685 mtu-

251 2703 377 2773 τὴν,
405 2704 496 2757 τὸν
523 2704 655 2757 Θεόν
700 2720 867 2775 φησιν
895 2704 1151 2775 οὐρανοῦ,
1200 2706 1296 2758 καὶ
1331 2704 1442 2759 τῶν
1480 2704 1543 2759 ἓν
1586 2704 1825 2778 οὐρανῷ,

251 2796 359 2864 γῆς
414 2794 645 2850 καὶτῶν
673 2795 732 2848 ὲν
771 2797 860 2866 γῇ,
895 2795 1111 2866 ὁρατῶν
1133 2812 1194 2849 τε
1246 2795 1486 2862 πάντων,
1525 2798 1687 2867 ἀέρος
1722 2813 1828 2868 φη-

255 2887 321 2955 μὶ
354 2888 447 2939 καὶ
477 2887 587 2940 τῶν
617 2886 676 2940 ὲν
706 2886 879 2958 αὐτῷ,
915 2886 1192 2957 θαλάσσης
1225 2904 1284 2940 τε
1316 2889 1411 2942 καὶ
1443 2886 1550 2941 τῶν
1573 2889 1634 2941 ἓν
1665 2888 1826 2958 αὐτῇ,

1855 1768 1903 1829 Β

1952 516 2020 559 eo
2049 503 2193 573 quod
2222 506 2405 560 omnia
2433 506 2738 572 coutiueat;
2774 521 2896 577 quae
2922 524 3028 563 non
3058 509 3283 566 l'ortuito
3315 522 3363 564 et
3392 526 3519 578 prn-

1952 604 2073 664 pter
2108 595 2218 650 nati
2337 605 2467 664 tem,
2506 598 2601 653 sed
2654 598 2776 668 eius
2817 600 3163 655 Providentia
3218 613 3520 665 moventur,

1874 680 1887 696 ⁸
1955 684 2086 739 lieet
2119 684 2483 742 ineffabilibus
2507 690 2826 745 oeconomiae
2859 691 3164 747 rationibus
3193 692 3303 746 liaec
3329 707 3523 761 appro-

1952 774 2066 841 bet,
2094 776 2182 832 illa
2213 779 2525 850 permittat;
2553 792 2860 850 opportune
2894 790 2949 837 et
2972 784 3237 852 gubernat
3264 794 3317 839 et
3340 784 3522 855 provi-

1951 867 2061 923 det.
2087 868 2279 926 Adbuc
2308 869 2747 939 Omnipotentem
2779 874 2935 939 dicit,
2970 876 3095 945 quia
3120 876 3302 931 omnia
3349 877 3522 945 ipsius

1951 962 2104 1025 sunt,
2133 967 2192 1014 et
2220 974 2286 1013 ex
2317 959 2436 1030 ipso
2467 961 2768 1018 conditoris
2794 964 3010 1020 actione
3053 981 3149 1036 per
3201 965 3434 1021 Verbum
3468 979 3523 1022 et

1952 1048 2213 1119 Spiritum
2241 1050 2464 1118 faetore,
2487 1060 2544 1108 ut
2560 1068 2720 1110 emon
2738 1055 3122 1111 exsistentibus
3143 1065 3350 1112 starent
3371 1060 3522 1113 exsi-

1950 1143 2163 1195 stentia.
2196 1140 2391 1197 Omnia
2425 1160 2555 1213 ergo
2598 1146 2698 1200 sub
2730 1146 2957 1216 imperio
2991 1155 3176 1214 tenet,
3213 1156 3268 1202 et
3303 1150 3523 1220 optime

1947 1232 2279 1303 gubernans,
2311 1237 2558 1290 eontinet
2591 1247 2751 1307 prout
2781 1240 2926 1302 vult:
2966 1239 3086 1295 ideo
3114 1250 3167 1293 et
3191 1239 3312 1309 ejus
3344 1240 3522 1296 l'acttt-

1950 1338 2064 1375 ram
2097 1338 2222 1377 esse
2251 1325 2432 1380 omnia
2466 1337 2715 1385 sanctum
2749 1330 2885 1385 dicit
2920 1330 3235 1402 Symbolum
3266 1369 3279 1396 ‚
3319 1334 3518 1403 praedi·

1945 1428 2079 1472 cans
2106 1430 2230 1473 eum

1946 1714 1997 1772 F
1998 1727 2229 1772 actorem
2258 1718 2378 1773 coeli
2408 1728 2458 1773 et
2490 1730 2664 1779 term.
2695 1717 2978 1773 visibilium
3011 1718 3244 1771 anutium
3279 1727 3327 1770 et
3373 1717 3507 1771 inei-

2595 1787 2847 1842 sibilium.

2018 1875 2151 1932 llluil
2183 1891 2214 1931 e
2242 1872 2422 1948 Moyse
2456 1883 2669 1947 petens,
2701 1878 2805 1933 boe
2835 1893 2865 1932 e
2886 1876 3072 1932 Paulo.
3110 1878 3169 1932 ln
3206 1893 3315 1945 quo
3347 1878 3522 1933 simul

1943 1981 1998 2027 et
2035 1986 2252 2025 onmem
2282 1972 2574 2042 impietatis
2609 1972 2787 2043 rejicit
2825 1981 3062 2028 reatum.
3096 1952 3325 2026 lstoru‘m
3366 1972 3510 2025 enim

1944 2062 2035 2132 qui
2068 2073 2327 2118 aeternmn
2350 2063 2546 2135 coelum
2582 2072 2770 2132 putant
2794 2074 2847 2118 et
2881 2072 3009 2119 ante
3038 2063 3169 2118 illud
3227 2063 3509 2142 materiam

1944 2151 2211 2224 principio
2242 2163 2538 2224 expertem,
2566 2163 2622 2210 et
2658 2155 2811 2229 ideas
2838 2155 3103 2224 quasdam
3136 2156 3188 2209 in
3223 2155 3331 2211 Deo
3369 2156 3512 2212 insa-

1942 2244 2088 2298 niam
2125 2245 2331 2315 abjicit,
2361 2255 2431 2301 et.
2464 2262 2655 2304 eorum
2686 2247 2777 2318 qui
2820 2247 3046 2304 deorum
3093 2265 3320 2302 numero
3364 2260 3514 2303 astra

1939 2334 2223 2389 ascribunt
2269 2337 2689 2404 aberrationem,
2719 2337 2898 2393 adbuc
2924 2346 2978 2392 et
3003 2338 3231 2393 istorum
3257 2340 3347 2408 qni
3381 2341 3513 2395 deos

1938 2425 2085 2495 quod
2131 2436 2219 2481 est
2263 2441 2434 2497 super
2483 2436 2703 2493 terram,
2733 2438 2938 2484 terram
2967 2430 3139 2500 ipsam
3171 2439 3224 2485 et
3257 2431 3361 2485 alia
3393 2432 3510 2486 ele-

1938 2527 2116 2573 menta
2149 2519 2434 2576 atbeornm
2467 2536 2615 2575 more
2644 2520 3003 2580 arbitrantur.
3030 2533 3084 2576 et
3113 2523 3256 2579 cirea
3289 2533 3511 2578 ereatu-

1940 2624 2030 2663 ras
2056 2611 2295 2681 reliquas
2321 2623 2526 2689 errant.
2552 2610 2738 2668 Solum
2764 2614 2908 2668 enim
2937 2613 3314 2669 universorum
3344 2615 3514 2669 iacto-

1939 2715 2051 2755 rem
2082 2700 2250 2756 Deum
2281 2702 2434 2770 dicit,
2458 2702 2582 2758 eoeli
2613 2712 2667 2758 et
2696 2699 3043 2775 eorum'quae
3075 2704 3128 2758 in
3162 2704 3321 2770 eoelo.
3353 2715 3511 2761 terra·

1934 2799 1992 2846 et
2042 2807 2230 2846 eorum
2275 2808 2395 2862 quae
2432 2794 2487 2856 in
2556 2804 2741 2860 terra;
2783 2806 2839 2850 et
2879 2795 3177 2850 visibilium
3225 2796 3511 2860 omnium,

1936 2897 2118 2939 aerem
2143 2882 2265 2938 dieo
2293 2893 2348 2938 et
2373 2899 2497 2955 quae
2519 2885 2572 2939 in
2594 2900 2682 2950 eo,
2702 2901 2853 2942 mare
2881 2896 2932 2941 et
2956 2902 3077 2958 qnae
3110 2886 3163 2941 in
3190 2902 3275 2947 eo.
3304 2887 3512 2960 iguem,

253 2977 428 3045 πυρὸς
463 2975 556 3027 καί
584 2975 695 3029 τῶν
721 2976 865 3030 κατὰ
896 2975 1062 3048 μέρος
1106 2975 1365 3030 ἀπάντων
1388 2993 1404 3011 ·
1432 2976 1573 3030 ἀλλά
1599 2977 1829 3032 καὶτῶν
1936 2982 1991 3029 et
2020 2974 2202 3030 omnia
2230 2975 2385 3046 juxta
2417 2991 2609 3046 genus.
2640 2977 2747 3060 Sed
2778 2988 2832 3033 et
2858 2979 3235 3046 invisibilium,
3285 2982 3511 3050 angelo-

251 3061 505 3131 ἀοράτων
551 3061 752 3130 αὐτῶν,
801 3063 1050 3133 ἀγγέλων
1101 3065 1198 3119 καὶ
1247 3065 1538 3136 δαιμόνων,
1588 3068 1683 3122 καὶ
1716 3067 1828 3122 τῶν
1939 3082 2087 3136 rum,
2117 3068 2425 3125 daemonum
2458 3079 2514 3126 et
2544 3071 2748 3142 pariter
2785 3072 3147 3127 humanarum
3178 3074 3514 3135 animarum..

250 3150 609 3220 ἀνθρωπίνων
637 3151 719 3206 ἔτι
757 3151 968 3224 ψυχῶν.
1012 3152 1199 3209 Ταῦτα
1242 3157 1353 3225 γὰρ
1398 3159 1824 3228 προηγουμένως
1856 3154 1905 3219 C
1938 3155 2057 3215 ltaee
2104 3160 2250 3216 enim
2300 3163 2680 3234 principaliter
2715 3163 2872 3220 nobis
2907 3165 3119 3234 cognita
3175 3163 3463 3218 invisibilia
3489 3205 3505 3227 ‚

252 3244 576 3312 ἐγνωσμένα
610 3246 745 3315 ἡμῖν
783 3246 1016 3316 ἀόρατα,
1042 3248 1141 3301 καὶ
1175 3247 1381 3302 τούτων
1431 3249 1700 3321 κηρύσσει
1735 3251 1828 3320 δη-

254 3334 521 3404 μιουργὸν
550 3334 641 3389 τὸν
670 3335 805 3389 Θεόν
828 3352 843 3368 ·
874 3337 968 3391 καὶ
999 3337 1076 3402 ῶς
1111 3339 1328 3409 ἀληθῶς
1353 3339 1446 3394 καὶ
1472 3340 1699 3404 δικαίως
1729 3341 1827 3412 δη·

253 3425 524 3495 μιουργδν
569 3427 663 3479 καὶ
706 3428 816 3482 τῶν
849 3429 1100 3499 ἀοράτων
1135 3431 1228 3484 τὸν
1261 3431 1393 3485 Θεδν
1421 3433 1823 3504 ἐπιμαρτυρεῖ·

249 3518 339 3569 ὃτι
368 3517 462 3569 καὶ
491 3514 629 3584 ἔστι,
671 3519 764 3572 καὶ
801 3519 953 3575 οὐδὲν
977 3520 1086 3574 τῶν
1110 3523 1435 3592 γεγονότων,
1469 3522 1609 3592 πλὴν
1625 3521 1823 3577 αὐτοῦ·

254 3609 356 3662 καὶ
406 3609 487 3662 ἔτι
534 3610 809 3676 συνετίζον
854 3612 1023 3684 ἡμᾶς,
1085 3612 1174 3667 ἵνα
1234 3614 1308 3684 μὴ
1338 3614 1702 3685 πλανηθῶμεν
1749 3616 1826 3680 ῶς

258 3703 650 3775 προαιρετικὴν
678 3702 855 3775 ψυχὴν
874 3704 1106 3776 ἔχοντες,
1141 3707 1236 3760 καὶ
1269 3706 1408 3778 ὑπὲρ
1446 3709 1593 3777 ἡμᾶς
1620 3725 1671 3761 τι
1693 3726 1824 3779 φρο-

255 3793 535 3862 νησωμεν,
563 3793 704 3848 καθὰ
733 3796 1040 3850 πεπόνθασι
1072 3796 1185 3851 τῶν
1213 3797 1490 3852 ἀσυνέτων
1531 3799 1754 3864 πολλοὶ,
1787 3797 1824 3870 ἢ

253 3883 553 3953 δαιμονίων
582 3888 929 3954 φαντασίαις,
976 3888 1011 3960 ἢ
1045 3888 1281 3952 πλάναις
1317 3889 1478 3954 ἰδίαις
1513 3888 1607 3944 τοῦ
1653 3891 1824 3960 καθή-

253 3992 447 4039 κοντος
484 3977 960 4049 ἀποπλανηθέντες
984 3993 1000 4011 ·
1033 3979 1192 4034 τοῦτο
1227 3980 1336 4053 γὰρ
1371 3981 1524 4052 φίλον
1561 3984 1673 4046 τοϊς
1712 3980 1826 4036 δαί-

253 4081 406 4134 μοσι,
460 4067 795 4138 πανούργοις
829 4068 1174 4136 φαντασίαις,
1227 4071 1501 4142 ὐποσυλᾷν
1543 4072 1638 4125 καὶ
1689 4072 1825 4126 ὑπο-

251 4155 497 4227 φθιιρειν
522 4157 633 4212 τῶν
679 4159 980 4227 ἀλογίστων
1015 4161 1244 4222 πολλούς
1265 4178 1281 4196 ·
1316 4163 1452 4216 ἀλλά
1493 4161 1590 4218 καὶ
1630 4162 1716 4216 ἵνα
1750 4163 1825 4234 μὴ

254 4263 389 4300 ποτε
413 4248 511 4312 τάς
541 4249 841 4319 ἀγγελιιιάς
875 4255 969 4305 καὶ
1003 4253 1261 4323 ὑπεράνω
1298 4254 1557 4325 δυνάμεις
1576 4252 1652 4318 ὡς
1674 4254 1828 4317 θεοὺς

257 4336 632 4410 λογισώμεθα,
684 4340 846 4396 τεῦτο
894 4342 1136 4412 τίθησιν.
1169 4345 1232 4398 Et
1282 4344 1391 4416 γάρ
1416 4348 1512 4399 καὶ
1536 4345 1669 4417 περὶ
1695 4345 1828 4401 Θεὸν

256 4423 439 4496 αὗται,
474 4433 571 4485 καὶ
623 4434 1054 4504 πεπληρωμέναι
1109 4436 1289 4508 δόξης,
1334 4438 1429 4492 καὶ
1474 4436 1619 4491 θείου
1655 4440 1826 4493 πᾶσαι

255 4521 459 4590 φωτὸς,
490 4522 607 4576 ἀλλ’
645 4525 794 4593 ὅμως
820 4526 1095 4593 κτίσματα
1126 4529 1221 4582 καὶ
1249 4528 1448 4607 ἐνδεεῐς
1471 4529 1580 4582 τῶν
1615 4528 1826 4582 ἐκεῖθεν

257 4615 730 4684 ἀπαυγασμάτων,
761 4617 859 4671 καὶ
900 4618 1165 4673 λαδοῦσαι
1214 4619 1340 4674 ὅσον
1389 4619 1698 4688 εἰλήφασιν,
1742 4619 1822 4673 ἔτι

255 4703 353 4756 καὶ
382 4704 572 4773 χρείαν
605 4703 789 4774 ἔχουσι
847 4707 1147 4776 μειζόνων·
1179 4707 1273 4761 καὶ
1318 4707 1381 4761 τὸ
1429 4707 1636 4760 τέλειον
1675 4707 1827 4762 οὐδέ-

256 4812 386 4849 ποτε
416 4796 701 4866 λήψονται,
740 4797 818 4870 μὴ
847 4798 1124 4870 χωροῦσαι
1168 4800 1290 4854 δλον
1316 4799 1378 4853 τὸ
1410 4799 1506 4854 τοῦ
1534 4798 1820 4866 ἀκτίστου,

184 4875 189 4879 ’
255 4887 492 4951 κτισταὶ,
523 4886 600 4951 ῶς
659 4887 896 4960 εἴρηται,
927 4889 1088 4944 οὖσαι
1125 4890 1515 4960 ἀπειρονγάρ,
1554 4890 1673 4944 ἀλλ’
1699 4891 1824 4945 ὅσον

254 4977 515 5031 δύνανται
546 4982 771 5050 χωρεῖν,
804 4979 1070 5046 ίλλειπεῖς
1111 4981 1200 5036 ἀεὶ
1239 4979 1416 5038 οὖσαι.
1452 4981 1616 5046 Τέλος
1641 4979 1698 5034 δὲ
1727 4980 1823 5035 καὶ

256 5068 573 5133 παντέλειος
607 5070 769 5137 μόνος
805 5073 834 5126 ὁ
861 5072 1157 5144 τριαδιιιῶς
1197 5073 1537 5144 ὑμνούμενος
1565 5071 1695 5144 παρ’
1724 5072 1823 5127 αὐ·

254 5160 368 5213 τῶν
397 5160 551 5222 Θεός.
578 5161 736 5214 Ἐστι
765 5162 824 5216 δὲ
858 5164 955 5217 καὶ
982 5161 1124 5217 ἀλλα
1152 5163 1388 5217 πλεῖστα
1414 5162 1524 5216 τῶν
1551 5163 1820 5234 ἀοράτων,

253 5246 329 5305 ῶν
367 5254 460 5304 καὶ
487 5253 555 5305 τὰ
583 5253 827 5324 ὀνόματα
854 5254 912 5308 ἐν
953 5253 1032 5324 τῷ
1068 5254 1318 5324 μέλλοντι
1344 5254 1505 5308 αἰῶνι
1543 5253 1823 5310 ἀποκαλύ-

257 5343 493 5396 πτεσθαι
523 5341 687 5414 295
712 5346 1139 5416 μεμαθήκαμεν.
1176 5345 1370 5417 Ὅμως
1383 5345 1442 5398 δὲ
1463 5345 1668 5400 τούτων
1689 5347 1824 5402 πάν·

256 5450 367 5486 των
395 5435 644 5502 ἀοράτων
657 5451 716 5488 τε
739 5434 856 5505 ἀμα
873 5437 968 5490 καὶ
984 5435 1197 5503 ὁρατῶν
1223 5435 1446 5504 ποιητὴν
1475 5436 1820 5507 ηἘκιιλησία

258 5528 351 5577 τὸν
379 5525 513 5577 Θεὸν
548 5528 840 5597 μαρτυρεῖ,
871 5527 967 5580 τὸν
997 5524 1216 5596 Πατέρα
1253 5525 1346 5579 τοῦ
1382 5525 1583 5590 ζῶντος
1623 5528 1819 5594 Λόγου,

257 5619 354 5671 τὸν
404 5615 722 5686 ἀγέννητον,
755 5617 847 5670 τὸν
910 5617 1174 5683 ἀναίτιον,
1207 5617 1302 5672 τὸν
1329 5615 1691 5688 προάναρχον,
1731 5619 1821 5670 τον

262 5707 648 5769 ἀτελεύτητον.
680 5707 771 5761 τὸν
820 5709 1060 5774 αίῶνιον,
1095 5708 1185 5762 τὸν
1224 5705 1565 5773 πανταίτιον,
1615 5705 1704 5761 τὸν
1735 5705 1823 5762 ἀεὶ

1853 4485 1907 4548 D

1936 3265 2170 3321 quorum
2220 3253 2564 3310 conditorem
2608 3255 2905 3325 proclamat
2948 3255 3140 3315 Deum.
3169 3262 3224 3308 et
3275 3267 3401 3308 vere
3443 3267 3508 3305 ae

1934 3341 2082 3412 juste
2113 3343 2276 3397 etiam
2304 3343 2658 3400 invisibilium
2682 3345 3023 3402 conditorem
3052 3344 3222 3399 Deum
3255 3352 3506 3404 testatur.

1936 3434 2027 3502 qui
2063 3443 2149 3488 est
2174 3443 2229 3488 et
2261 3435 2382 3490 sine
2412 3436 2532 3505 ipso
2560 3436 2693 3490 nibil
2733 3437 2933 3491 laetum
2970 3445 3075 3490 est.
3106 3436 3168 3490 Et
3199 3437 3379 3491 adbuc
3411 3451 3512 3490 nos

1935 3522 2093 3577 docet
2121 3539 2189 3578 ne
2218 3525 2371 3594 quasi
2393 3538 2533 3580 vane
2561 3523 2985 3596 distinguentem
3017 3525 3259 3579 animum
3295 3525 3503 3579 baben·

1936 3622 2020 3667 tes
2042 3627 2287 3667 erremus
2311 3623 2365 3666 et
2395 3628 2557 3683 supra
2583 3613 2801 3669 modum
2834 3613 3263 3681 cogitationibus
3297 3615 3507 3670 nosti-is

1935 3702 2263 3756 extollamur
2304 3712 2461 3772 prout
2486 3703 2666 3759 affecti
2694 3712 2825 3758 sunt
2857 3704 3231 3773 imprudentes
3261 3706 3504 3774 plurimi.

1935 3802 2028 3848 aut
2053 3793 2357 3848 daemonum
2394 3794 2695 3864 phantasiis
2724 3802 2818 3848 aut
2850 3794 3088 3866 propriis
3126 3794 3506 3851 deliramentis

1936 3899 1967 3939 a
1994 3892 2142 3940 recto
2175 3882 2557 3950 deflectentes:
2586 3885 2890 3941 daemonum
2910 3885 3112 3956 quippe
3137 3899 3255 3940 titos
3277 3893 3361 3941 est
3382 3888 3510 3956 qui·

1937 3973 2172 4030 buslibet
2198 3975 2501 4045 phantasiis
2529 3978 2710 4046 plures
2749 3977 3036 4047 subripere
3068 3987 3123 4032 et
3149 3993 3507 4047 corrumpere

1937 4064 2171 4136 ineptos.
2207 4064 2314 4122 Sed
2336 4068 2498 4123 etiam
2534 4084 2601 4125 ne
2624 4068 2765 4125 l'orte
2795 4069 3070 4139 angelieas
3104 4079 3158 4124 et
3188 4072 3505 4140 superiores

1935 4166 2233 4226 potestates
2258 4159 2389 4215 deos
2412 4160 2758 4225 arbitremur,
2792 4160 2906 4216 baee
2939 4162 3099 4216 verba
3130 4161 3345 4217 ellatur.
3374 4162 3509 4230 Quas

1936 4250 1982 4304 si
2011 4249 2156 4306 eirea
2190 4254 2358 4307 Deum
2388 4252 2540 4323 ipsae.
2572 4252 2742 4323 gloria
2772 4252 2984 4309 refertae
3004 4266 3060 4309 et
3081 4254 3268 4310 divino
3295 4255 3504 4309 redun-

1938 4344 2127 4398 dantes
2160 4342 2382 4410 lumine‚
2415 4345 2774 4403 nibilominus
2807 4355 3079 4404 creaturae
3117 4358 3174 4404 et
3210 4349 3507 4418 splendore

1936 4447 1965 4486 a
1997 4433 2106 4489 Deo
2140 4435 2440 4506 indigentes
2470 4451 2499 4490 a
2529 4451 2638 4507 quo
2662 4447 2998 4510 aeceperunt
3047 4455 3170 4511 quae
3201 4439 3409 4494 babent
3451 4450 3505 4496 et

1935 4525 2239 4594 majoribus
2274 4526 2466 4582 borum
2493 4527 2672 4584 adbuc
2700 4544 2838 4599 opus
2863 4528 3087 4598 babent.
3110 4539 3164 4585 et
3193 4530 3502 4600 perlectum

1937 4632 2215 4688 nunquam
2265 4618 2570 4690 attingent,
2608 4618 2834 4675 increati
2873 4621 3262 4691 plenitudinem
3297 4636 3497 4691 capere

1937 4723 2044 4765 nott
2071 4709 2331 4775 valentes,
2364 4717 2551 4780 utpote
2580 4719 2845 4767 creaturae
2872 4711 3015 4765 sieut
3042 4709 3376 4776 dictumest,
3401 4711 3504 4763 im-

1936 4800 2196 4872 possibile
2224 4807 2309 4855 est
2334 4800 2477 4855 enim
2506 4817 2523 4867 ς
2588 4801 2684 4856 sed
2726 4801 3127 4871 quantumlibet
3155 4814 3361 4871 capere
3379 4814 3504 4871 pos·

1935 4891 2069 4956 sint,
2099 4905 2320 4962 semper
2351 4891 2432 4948 eis
2459 4891 2666 4962 aliquid
2699 4891 2874 4948 deest.
2916 4891 3197 4949 Perfectus
3236 4900 3421 4947 autem
3449 4902 3504 4946 et
3533 4903 3541 4912 ·

1935 4983 2162 5040 omnino
2193 4980 2466 5054 perfectus
2488 4983 2636 5038 solus
2667 4991 2754 5038 ter
2780 4983 2849 5038 ab
2882 4983 2964 5039 eis
2990 4983 3296 5039 celebratus
3330 4983 3496 5038 Deus.

1934 5073 2076 5137 Sunt
2102 5082 2158 5129 et
2180 5075 2287 5131 alia
2316 5075 2669 5131 invisibilium
2701 5075 2961 5145 pleraque
3000 5090 3230 5145 quorum
3277 5075 3496 5128 nomina

1935 5167 1992 5222 ln
2014 5175 2245 5223 venturo
2276 5167 2475 5223 saecuto
2501 5166 2728 5221 revelari
2751 5165 3077 5221 audivimus.
3105 5164 3368 5219 Similiter
3402 5163 3503 5215 bo-

1936 5273 2057 5315 rum
2096 5259 2342 5315 omnium
2379 5256 2727 5314 invisibilium
2759 5259 2964 5328 pariter
2985 5267 3042 5312 et
3083 5253 3378 5310 visibilium
3412 5250 3496 5304 fa·

1937 5358 2143 5405 ctorem
2167 5348 2415 5419 ‚Ecclesia
2445 5346 2616 5402 Deum
2646 5356 2897 5410 testatur.
2942 5346 3177 5401 viventis
3206 5341 3367 5396 Verbi
3397 5341 3500 5392 Pa·

1938 5450 2074 5496 trem
2127 5440 2449 5510 ingenitum,
2477 5437 2684 5508 absque
2739 5451 2926 5502 eausa,
2968 5434 3147 5493 initio.
3184 5432 3308 5494 bite,
3338 5437 3498 5483 atter-

1937 5547 2089 5591 num.
2123 5530 2367 5585 omnium
2396 5543 2638 5592 eausam,
2668 5527 2759 5598 qui
2794 5539 3013 5595 semper
3040 5530 3145 5583 est.
3176 5519 3271 5590 qui
3303 5531 3502 5574 natura

1937 5620 2086 5677 solus
2118 5622 2312 5676 bonus.
2339 5620 2380 5674 Ε
2406 5618 2590 5689 seipso
2616 5629 2742 5671 ante
2766 5627 2927 5668 omne
2947 5610 3210 5666 saeeulum
3235 5617 3291 5663 et
3311 5606 3501 5664 ineffa-

1938 5713 2143 5779 biliter,
2173 5711 2291 5769 sine
2325 5710 2548 5766 materia
2581 5717 2937 5777 corporeque,
2980 5710 3037 5761 et
3066 5700 3277 5773 absque
3324 5699 3460 5759 ειιίιιΙ
