3784 6125
1003 289 1104 351 mr
1143 241 1385 353 sltem
1425 291 1933 359 PRECATIONE.

2931 359 2935 363 ,
2973 282 3095 349 aco

217 396 384 466 Δγιου
407 397 519 451 τῶν
541 395 711 467 ἀγίων
727 400 822 453 τοῦ
840 397 1228 473 θυσιαστηρίου
1250 404 1412 475 ἀρχό·
1446 412 1488 462 Α
1518 422 1668 460 cans.
1733 406 2076 477 Quapropter
2134 424 2164 465 a
2222 407 2422 465 Sancto
2478 416 2789 466 sanctorum
2810 451 2827 478 .
2886 416 3097 472 scilicet

215 508 276 546 τα
306 493 448 547 κατὰ
466 492 620 559 τάξιν
640 494 946 566 θυμιᾷ,ζούχ
964 495 1150 559 ἁπλῶς
1177 497 1345 551 ποιῶν
1361 500 1420 551 τὸ

216 584 280 639 a&
311 585 650 655 σφραγίζων,
675 589 768 641 καὶ
792 588 1165 657 ἀγιάζων,καὶ
1189 592 1265 661 τῷ
1293 593 1336 644 Χ
1344 609 1426 663 ρι-

215 695 251 747 ις
275 678 550 742 ἀνατιθεὶς
604 681 698 735 καὶ
720 682 1174 755 προσφέρων,καὶ
1195 686 1426 755 προσδε-

215 768 409 841 ζητῶν,
424 774 519 826 καὶ
543 769 1010 846 καταπεμφθῆναι
1036 778 1170 846 ἡμῖν
1194 779 1306 850 τὴν
1322 779 1424 849 χά·

216 862 344 933 ,γίου
363 861 683 934 ῐῐνεύματος
707 881 724 897 ·
750 866 895 921 ὥστε
914 869 1001 923 διὰ
1025 870 1120 924 τοῦ
1143 871 1428 940 θυμιάμα-

215 970 243 1004 ν
259 953 615 1024 λαμδάνομεν
643 973 658 988 ·
683 957 776 1012 καὶ
808 957 996 1029 μηδεὶς
1039 960 1308 1029 ἀμελείτω
1332 963 1425 1017 τοῦ

215 1063 259 1101 »ν
270 1042 364 1103 οῦν
378 1047 603 1102 διελθὼν
645 1050 944 1121 ταχύτερον
961 1052 1051 1106 τὸν
1076 1054 1222 1121 ναὸν,
1241 1056 1336 1110 καὶ
1360 1056 1427 1110 τὰ

215 1138 346 1207 περὶ
376 1136 436 1190 τὸ
467 1138 615 1201 τέλος
634 1139 737 1207 τῆς
762 1144 1075 1213 προσευχῆς
1105 1143 1225 1210 τοῦ,
1262 1162 1282 1197 s
1312 1145 1425 1199 Πά-

215 1247 224 1277 ι
258 1228 573 1298 είσέρχεται
636 1231 735 1294 τὰς
783 1232 981 1299 πύλας,
1042 1236 1137 1288 καὶ
1191 1239 1428 1307 σταυρὸν

215 1316 271 1371 οῦ
299 1318 688 1391 θυμιατηρίου,
724 1322 915 1392 φησὶν,
954 1341 974 1376 r
1008 1324 1136 1379 ’.Ότι
1173 1326 1428 1382 σοῦὲστιν

215 1448 231 1475 ,
266 1428 288 1463 s
353 1412 770 1482 ἐπισφραγίζων
813 1416 912 1486 τὴν
958 1416 1148 1487 εὐχὴν,
1195 1418 1271 1482 ὡς
1324 1421 1427 1491 ἔφη

215 1501 251 1554 tl
275 1502 375 1573 τὴν
413 1504 621 1575 Τριάδα
647 1506 966 1575 δοξολογῶν.
997 1503 1132 1564 Εἶτα
1161 1512 1254 1566 τὸν
1290 1515 1430 1567 καθ-

215 1594 366 1665 Ιυμιᾷ
400 1594 464 1648 ἐκ
506 1595 790 1666 δευτέρου,
836 1598 1006 1668 τιμὴν
1036 1600 1212 1663 διδοὺς
1250 1603 1324 1667 ὡς
1352 1604 1432 1673 τῷ

1528 498 1685 553 altat-i
1721 498 2010 568 incipiens,
2058 502 2242 556 omnia
2276 502 2573 556 secundum
2607 502 2855 559 ordinem
2912 505 3098 558 incen-

1528 599 1633 654 sat,
1682 605 1789 645 non
1830 592 2005 647 sulum
2054 591 2293 647 suffitum
2357 593 2581 657 faciens,
2621 595 2713 648 sed
2769 602 2823 650 et
2878 594 3100 663 signans

1525 693 1583 738 et
1610 683 1987 748 sanctificans,
2012 683 2341 751 Christoque
2365 699 2460 753 per
2492 684 2797 739 orationem
2834 682 3099 738 adhibens

1526 785 1581 831 et
1615 774 1873 838 offerens.
1910 790 1975 830 ac
2006 775 2313 845 deprecans
2345 786 2403 830 ut
2452 776 2667 831 coelitus
2700 776 3000 845 accipiatur
3042 784 3101 830 et

1527 869 1769 939 desuper
1789 868 1949 924 nobis
1965 869 2148 940 gratia
2159 870 2486 925 sanctissimi
2511 867 2747 938 Spiritus
2762 867 3098 929 demittatur,

1527 963 1602 1017 ita
1622 970 1681 1017 ut
1709 977 1802 1031 per
1834 962 2116 1017 incensum
2153 961 2382 1033 gratiam
2414 962 2743 1028 accipiamus
2765 977 2793 1026 ς.
2808 975 2976 1015 nemo
3003 959 3100 1029 igi-

1530 1062 1618 1106 tur
1658 1051 2031 1109 suffimentum
2061 1055 2316 1123 negligat.
2352 1050 2540 1121 [taque
2568 1062 2684 1106 toto
2715 1050 2921 1121 templo
2951 1049 3101 1105 velo-

1527 1143 1646 1197 cius
1680 1151 1983 1213 permeato,
2027 1153 2082 1199 et
2108 1144 2255 1200 foras
2299 1159 2573 1211 egressus,
2601 1145 2746 1199 circa
2778 1142 2937 1197 linem
2974 1157 3101 1197 ora·

1529 1234 1742 1311 tionis:
1778 1232 1938 1288 Pater
2000 1244 2210 1298 noster,
2258 1248 2441 1303 portas
2496 1234 2703 1301 intrat,
2765 1243 2821 1289 et
2880 1248 3099 1288 crucem

1529 1322 1787 1392 effingens
1812 1323 1864 1379 iu
1889 1324 2224 1381 incensando
2244 1324 2377 1379 dicit
2404 1340 2418 1379 ε
2455 1343 2473 1376 r
2505 1323 2679 1378 Τιιιιιιι
2703 1331 3052 1393 estrcgnnm‚
3079 1338 3099 1372 ι

1530 1414 1831 1484 obsignans
1886 1416 2191 1470 orationem
2252 1431 2416 1486 qnam
2474 1415 2730 1470 Cltristus
2787 1415 2993 1475 docuit,
3049 1421 3105 1465 et

1531 1506 1853 1562 Trinitatem
1903 1506 2237 1579 glorificam.
2295 1506 2497 1562 Deinde
2547 1507 2831 1575 praesidem
2883 1518 3102 1559 rursum

1533 1597 1802 1665 incensat,
1825 1598 2091 1655 bonorem
2118 1600 2365 1654 tribuens
2394 1595 2635 1663 Christo,
2659 1613 2871 1654 necnon
2904 1597 3109 1667 pariter

215 1683 258 1737 n
304 1685 404 1746 τὰς
441 1687 499 1742 έν
553 1688 705 1757 μέσῳ
758 1689 909 1760 ἱερὰς
962 1691 1164 1761 ὁμοίως
1194 1695 1430 1761 εἰκόνας,
1464 1730 1508 1791 Β
1534 1704 1722 1745 sacras
1752 1690 2019 1761 imagines
2043 1690 2099 1745 in
2132 1691 2313 1746 medio
2337 1691 2541 1759 positas
2561 1706 2579 1759 ;
2607 1688 2805 1745 deinde
2834 1688 2903 1744 ad
2937 1689 3110 1743 altare

215 1776 458 1848 ιστήριον
480 1779 769 1844 εἰσελθὼν,
808 1780 1127 1852 ἔμπροσθεν
1153 1786 1251 1855 τῆς
1267 1786 1433 1854 ἀγίας

217 1866 339 1934 τάς,
376 1866 454 1931 ὡς
496 1870 590 1923 ἐπὶ
647 1872 746 1925 τοῦ
788 1871 934 1926 θείου
967 1874 1158 1945 θρόνου
1193 1877 1288 1930 καὶ
1339 1879 1435 1933 τοῦ

215 1957 285 2012 οῦ
324 1961 632 2030 μνήματος,
663 1962 782 2028 τοῦ,
817 1982 837 2017 r
864 1966 1195 2038 Εὺλόγησον,
1230 1970 1433 2041 Πάτερ,

215 2052 277 2119 ξω
305 2052 626 2123 λεγομένου,
667 2056 906 2125 έκφωνεῐ
965 2061 1087 2128 μετ’
1147 2062 1437 2127 εὐλαδείας

221 2159 244 2195 s
285 2141 423 2211 Δόξα
454 2147 519 2216 τῇ
571 2146 707 2219 ἀγία
732 2150 828 2203 καὶ
876 2151 1149 2223 όμοουσίῳ
1175 2155 1271 2208 καὶ
1304 2156 1439 2219 ζωο-

215 2232 459 2307 ἳιαιρέτῳ
483 2238 576 2291 καὶ
614 2238 1019 2311 παντοδυνάμῳ
1049 2242 1242 2312 Τριάδι
1299 2242 1440 2300 πάν·

227 2324 404 2378 αἴτιον
436 2327 656 2382 πάντων
691 2330 782 2383 καὶ
810 2332 1114 2403 Δεσπότην,
1155 2340 1248 2387 τὸν
1281 2336 1439 2404 μόνον

215 2434 222 2461 ι
249 2418 443 2488 Τριάδι
474 2420 607 2474 Θεὸν
627 2422 734 2491 πρὸ
767 2423 948 2493 πάσης
971 2424 1117 2495 ᾠδῆς
1138 2426 1436 2495 θεολογῶν,

215 2507 333 2576 (ῶν,
374 2512 469 2565 καὶ
522 2511 696 2581 ἀρχὴν
738 2514 851 2566 τῶν
913 2513 1100 2584 ὕμνων
1137 2517 1437 2589 τιθέμενος,

215 2599 277 2669 ὴν
297 2599 428 2655 ὄντα
464 2604 684 2656 πάντων
716 2604 810 2657 καὶ
832 2604 1010 2669 τέλος.
1035 2608 1147 2661 Καὶ
1169 2608 1314 2663 οὕτω
1340 2608 1438 2663 τοῦ

215 2695 416 2762 lystron,
448 2693 587 2764 ὅπερ
620 2695 737 2749 ἐστὶ
794 2695 1151 2767 βεόαιωτικὸν
1194 2701 1289 2754 καὶ
1319 2701 1441 2755 ἀντὶ

215 2784 372 2838 ἰντων
401 2785 703 2853 σιγώντων,
728 2787 828 2858 τὴν
851 2788 1035 2843 ἔνθεον
1062 2792 1439 2862 σημαινόντων

215 2872 316 2927 τῶν
339 2874 590 2942 ἀγγέλων
632 2877 690 2929 ὲν
717 2878 833 2940 τοῖς
866 2878 958 2932 τοῦ
990 2880 1130 2934 Θεοῦ
1186 2885 1440 2953 φρικτοῖς

215 2980 316 3030 ιαν,
356 2960 440 3030 εἷς
497 2967 605 3021 τῶν
663 2968 974 3038 ἱσταμένων
1021 2972 1197 3025 ἐκεῖσε
1232 2973 1328 3028 καὶ
1353 2991 1441 3028 τε·

1537 1796 1884 1852 progressus,
1925 1787 2188 1852 stansque
2229 1780 2283 1836 in
2341 1790 2639 1852 conspectu
2679 1795 2880 1836 mensae
2917 1794 3109 1847 sacr-av,

1537 1882 1799 1940 tanquam
1834 1883 1961 1928 ante
1998 1874 2255 1927 thronum
2296 1872 2385 1925 Dei
2414 1882 2468 1927 et
2498 1886 2716 1927 sacrum
2746 1871 2950 1926 Cltristi
2988 1887 3105 1922 mo-

1538 1972 1884 2025 numcutum.
1907 1961 2120 2018 caeteris
2144 1962 2236 2030 qui
2262 1962 2396 2015 soris
2421 1970 2551 2016 sunt
2572 1958 2873 2029 prolocutis
2906 1972 2922 2010 z
2960 1976 2979 2009 ι
3008 1957 3111 2010 Be-

1539 2052 1796 2118 nedicite‚
1829 2051 2012 2118 Pater,
2048 2071 2066 2105 ι
2100 2052 2371 2107 exclamat
2399 2066 2523 2107 cum
2561 2052 2761 2119 pietate
2787 2058 2842 2105 et
2879 2064 3064 2104 amore
3095 2062 3110 2101 ε

1543 2164 1562 2197 r
1609 2143 1791 2201 Gloria
1821 2154 2027 2202 sancta:
2074 2154 2128 2199 et
2173 2141 2629 2198 consubstantiali
2677 2151 2731 2195 et
2776 2140 3022 2205 vivificae,
3055 2149 3115 2193 ct

1540 2237 1862 2293 indivisibili
1885 2248 2050 2308 atque
2069 2234 2429 2300 omnipotenti
2458 2233 2714 2288 Trinitati
2737 2233 2810 2287 sit
2836 2246 3111 2301 πωροι-,ι

1538 2333 1782 2386 οηιιιίιιηι
1809 2339 2093 2386 auctorem
2122 2344 2189 2384 ac
2210 2328 2498 2383 Dominum
2523 2326 2700 2381 solum
2732 2324 3111 2381 universorum·

1540 2424 1596 2479 in
1637 2422 1910 2478 Trinitate
1940 2422 2109 2478 Deum
2144 2431 2270 2475 ante
2319 2417 2604 2489 quodlibet
2648 2432 2869 2472 carmen
2897 2417 3114 2487 praedi·

1539 2531 1673 2571 cans
1703 2524 1758 2570 et
1787 2512 2123 2585 glorificans,
2162 2526 2398 2580 eumque
2428 2510 2751 2581 hymnorum
2788 2507 3110 2577 principium

1540 2622 1751 2677 ponens
1783 2615 1975 2676 utpote
2020 2603 2347 2675 principium
2398 2602 2673 2670 finemque
2705 2600 3111 2660 universorum.

1541 2701 1745 2770 Sicque
1779 2699 1924 2755 dicto
1956 2713 1979 2749 s
2014 2695 2213 2759 Amen,
2257 2711 2277 2746 a
2334 2690 2478 2762 quod
2525 2700 2611 2747 est
2646 2690 3027 2746 affirmativum
3059 2705 3117 2744 ιί

1540 2792 1662 2849 loco
1691 2791 1843 2847 vocis
1875 2805 1888 2841 :
1923 2806 1943 2841 r
1970 2786 2151 2843 Etiam
2183 2802 2203 2837 a
2237 2783 2498 2854 positum,
2524 2782 2779 2837 omnibus
2802 2779 3120 2844 siler-tibus,

1543 2897 1655 2953 quo
1705 2895 1924 2938 sacrum
1981 2879 2322 2948 significatur
2352 2875 2668 2946 angelorum
2705 2873 2982 2930 silemium
3017 2887 3116 2927 eo·

1545 2990 1778 3044 rumque
1828 2973 2001 3042 pietas
2050 2972 2192 3026 inter
2223 2969 2505 3024 tremenda
2549 2966 2640 3022 Dei
2690 2965 2944 3035 mysteria
2974 2979 3118 3018 uuus

215 3054 382 3110 τύπον
399 3056 636 3126 ἀγγέλου
663 3058 846 3127 φέρων
870 3060 1268 3128 ἀποσταλέντος
1294 3065 1442 3132 παρὰ
1468 3066 1510 3125 C
1547 3085 1613 3124 ex
1642 3067 1919 3125 statttibtts
1951 3066 2133 3137 ibique
2160 3063 2217 3120 in
2250 3063 2443 3119 ordine
2474 3058 2882 3121 assistentibus.
2921 3057 3117 3126 imagi-

215 3145 272 3198 ὃν
303 3147 556 3216 ἀγγέλων
603 3151 1050 3220 προοιμιάζεται,
1098 3154 1168 3209 τά
1204 3156 1446 3228 ἀνυμνη-

247 3237 343 3292 τοῦ
379 3239 586 3308 Κυρίου
614 3242 886 3312 γεννήσει,
907 3243 1052 3314 ἅπερ
1080 3238 1160 3307 εἷς
1198 3246 1296 3316 μὶν
1314 3249 1449 3320 πρό·

215 3330 298 3394 λος
326 3333 438 3394 τοῖς
469 3332 701 3405 ποιμέσι
751 3336 941 3403 φανεὶς
969 3339 1228 3409 προῇδεν.
1263 3340 1448 3404 Εὐθὺς

215 3424 461 3494 ιτρατιᾶς
493 3425 750 3496 οὐρανίου
795 3427 980 3497 όφθὲν,
1034 3431 1317 3502 ἀνῦμνησε
1363 3433 1447 3500 τὸ,

215 3518 458 3588 ὑψίστοις
486 3520 631 3590 Θεῷ,
679 3540 697 3574 a
756 3521 786 3576 ὸ
818 3523 915 3578 καὶ
967 3526 1193 3599 ἀπαρχὴ
1238 3527 1447 3593 δοξολο-

215 3609 287 3664 ταὶ
327 3611 442 3672 τοῖς
478 3611 733 3679 ἀγγέλοις
763 3612 858 3668 ἐπὶ
888 3615 954 3684 τῇ
978 3615 1140 3684 ἡμῶν
1181 3618 1447 3688 σωτηρίᾳ.

215 3713 233 3751 ι
262 3694 344 3761 εἷς
367 3700 786 3769 προοιμιάζεται
824 3703 1005 3769 τοῦτο,
1038 3708 1132 3759 καί
1160 3722 1297 3776 φησι
1331 3712 1454 3777 τρὶς

217 3791 288 3863 ἧς
313 3792 676 3863 ῦπερενδόξου
713 3794 969 3864 Τριάδος,
1011 3812 1031 3847 s
1070 3797 1208 3863 Δόξα
1247 3799 1303 3851 ὲν
1333 3799 1456 3870 ὑψί-

245 3901 265 3936 s
301 3885 414 3939 Καὶ
442 3885 525 3949 δὶς
573 3885 742 3939 εἰπὼν
773 3886 933 3952 αὖθις
952 3887 1044 3950 τὸ,
1100 3906 1120 3941 s
1158 3891 1355 3960 Κύριε,
1386 3894 1455 3946 τά

215 3976 466 4043 ἀνοίξαις,
511 3997 531 4031 a
565 3980 626 4032 τὸ
653 3979 836 4049 τρίτον
865 3981 1028 4034 πάλιν
1058 3982 1245 4051 φησὶν,
1273 3985 1354 4048 είς
1374 4000 1457 4037 τι·

216 4067 318 4123 ιῦτο
368 4070 468 4139 τῆς
512 4070 765 4140 Τριάδος,
805 4088 825 4123 r
859 4073 1054 4142 Κύριε,
1106 4075 1161 4128 τί
1191 4076 1458 4147 ἐπληθύν-

215 4160 476 4223 ίλίὸοντές
517 4179 608 4231 με,
649 4181 669 4215 a
723 4162 816 4215 καὶ
865 4164 1104 4235 καθεξῆς
1147 4165 1296 4236 λέγει
1332 4167 1460 4235 τοὺς

215 4248 340 4317 θρου
369 4248 642 4321 ψαλμοὺς,
669 4251 793 4306 καθ’
820 4252 1057 4322 έκάστην
1088 4253 1293 4326 Τριάὸα
1319 4257 1462 4327 ψαλ-

215 4338 360 4407 »γίαν
392 4341 584 4407 ποιῶν,
615 4341 697 4404 είς
726 4339 1035 4412 ἀνύμνησιν
1075 4345 1176 4412 τῆς
1202 4346 1453 4415 Τριάδος,

1487 4391 1532 4446 D

1547 3173 1672 3213 nem
1711 3157 1893 3212 l'ercns
1931 3153 2109 3223 angeli
2153 3166 2182 3205 a
2217 3152 2328 3208 Deo
2361 3151 2539 3215 missi.
2563 3149 2865 3221 angelicum
2897 3146 3126 3202 incltoat·

1548 3249 1820 3306 canticum
1857 3249 1912 3302 in
1958 3246 2245 3302 nativitate
2270 3245 2484 3300 Domini
2516 3251 2817 3306 catttatutn,
2844 3239 2988 3311 quod
3019 3255 3120 3293 an-

1550 3342 1704 3411 gelus
1734 3354 1877 3396 unus
1906 3352 2179 3408 apparens
2208 3336 2524 3407 pastoribus
2552 3333 2701 3404 prius
2728 3334 2947 3404 quidem
2984 3346 3122 3399 prae·

1550 3435 1718 3499 cinit,
1785 3432 1972 3487 statim
2027 3443 2153 3484 vero
2211 3427 2503 3482 tnnltitudo
2555 3427 2796 3483 coelestis
2851 3424 3126 3480 exercitus

1552 3528 1671 3582 visa
1733 3536 1819 3581 est
1870 3523 2210 3578 concinens:
2243 3537 2263 3572 t
2304 3518 2486 3574 Gloria
2538 3519 2597 3573 in
2647 3515 2887 3574 excelsis
2930 3518 3057 3582 Duo,
3098 3535 3121 3568 s

1552 3618 1698 3689 quod
1728 3627 1811 3672 est
1842 3613 2055 3670 initium
2090 3611 2423 3667 laudationis
2469 3611 2538 3664 ab
2587 3610 2719 3679 ipsis
2759 3609 2966 3678 angelis
3000 3621 3126 3676 pro·

1555 3720 1676 3780 pter
1725 3709 1963 3763 salutem
2025 3711 2271 3759 nostram
2334 3711 2590 3769 peractae.
2645 3697 2939 3767 Propterea
2996 3706 3128 3750 tunc

1558 3814 1700 3854 unus
1755 3794 1886 3852 illud
1940 3794 2179 3858 inchoat,
2226 3802 2279 3848 et
2318 3800 2399 3846 ter
2446 3789 2581 3844 dicit
2633 3789 2689 3843 in
2726 3787 2955 3858 gloriam
3009 3785 3130 3856 ejus

1558 3903 1679 3959 quae
1707 3897 1980 3955 estsuper
2008 3897 2225 3938 omnem
2272 3880 2499 3952 gloriam
2532 3877 2853 3934 Trinitatis:
2888 3893 2908 3928 r
2940 3872 3132 3932 Gloria

1558 3980 1613 4036 iu
1642 3976 1875 4034 excelsis
1905 3973 2033 4042 Deo,
2066 3991 2087 4026 a
2121 3974 2314 4044 bisque
2364 3975 2582 4027 rursum
2616 3970 2803 4026 dicens
2834 3984 2860 4025 ·.
2881 3968 3129 4036 Domine,

1560 4072 1702 4127 labia
1737 4082 1856 4124 mea
1908 4067 2147 4138 aperies,
2201 4085 2221 4119 a
2273 4069 2432 4120 tertio
2480 4064 2614 4119 dicit
2653 4064 2877 4125 iterum.
2917 4070 2977 4119 et
3027 4060 3133 4117 buc

1559 4178 1781 4239 quoque
1836 4163 1921 4217 in·
1949 4161 2211 4216 bonorem
2265 4155 2550 4213 Trinitatis
2586 4170 2603 4210 τ
2647 4172 2667 4207 r
2710 4154 2957 4221 Domine,
2999 4153 3131 4224 quid

1563 4254 1908 4328 multiplicati
1953 4261 2083 4309 suut
2129 4250 2221 4320 qui
2275 4248 2544 4305 tribulant
2579 4245 2714 4302 ιιιεῖ
2746 4265 2766 4299 a
2799 4252 3136 4315 caeterosque

1566 4351 1763 4408 recitat
1796 4347 2043 4419 psalmos
2075 4360 2150 4400 es
2171 4341 2352 4399 efficio
2395 4339 2647 4406 diluculi,
2681 4339 2986 4397 mundum
3018 4336 3136 4391 sin·

244 4427 420 4499 ἱερεὺς
453 4431 551 4492 τὰς
613 4429 842 4492 ἑωθινὰς
870 4432 1037 4502 εὐχὰς
1093 4433 1216 4486 καθ’
1269 4437 1458 4490 ἑαυτὸν
1572 4439 1727 4511 gulos
1755 4447 1865 4492 tres
1908 4433 2143 4504 psalmos
2186 4429 2532 4499 doxologiam
2563 4427 2789 4492 beleus,
2820 4425 2877 4482 in
2923 4425 3133 4481 landem

217 4522 437 4592 αφέρει,
485 4523 715 4591 μεσίτης
745 4513 841 4576 ὲπϊ
866 4526 979 4586 τοῖς
1012 4524 1325 4592 λεγομένοις
1358 4528 1464 4582 δει·

226 4613 322 4667 καὶ
359 4616 560 4684 ένεργά
591 4615 760 4668 τελῶν
794 4614 863 4668 τὰ
912 4615 1172 4685 ᾀδόμενα,
1212 4621 1470 4690 τῇίερω-

220 4705 443 4758 ἃπαντα
493 4705 827 4760 τελειοῦται.
871 4705 1036 4760 Ὅθεν
1072 4709 1164 4761 καὶ
1215 4709 1246 4761 ό
1292 4710 1472 4781 ἱερεὺς

1569 4528 1877 4589 Trinitatis,
1910 4521 2135 4594 quando
2169 4521 2425 4576 sacerdos
2458 4518 2754 4574 matutinas
2776 4530 2963 4586 preces
2984 4529 3138 4571 seor-

1567 4623 1671 4677 sim
1707 4618 1817 4674 Deo
1851 4623 2161 4684 nuncupat,
2194 4613 2248 4667 in
2286 4612 2449 4669 dictis
2493 4610 2756 4667 mediator
2788 4622 3055 4678 apparens
3079 4616 3137 4662 et

1569 4725 1736 4781 opere
1782 4713 2001 4764 cantata
2058 4704 2388 4781 perficienn
2439 4717 2563 4757 nam
2616 4701 2801 4757 omnia
2830 4701 3138 4757 sacerdotio

1569 4811 1694 4858 sunt
1723 4796 2081 4854 sanctificata.
2099 4794 2252 4853 Unde
2277 4794 2537 4851 sacerdos
2568 4791 2781 4863 incipit,
2798 4797 2854 4848 et
2882 4790 3139 4848 sacerdos

1572 4890 1806 4962 perlicit.
1852 4886 2051 4942 Statim
2082 4900 2217 4955 ergo
2242 4884 2336 4954 qui
2366 4869 2557 4954 preces
2584 4881 2884 4936 matutinas
2924 4878 3052 4936 l'acit
3083 4881 3136 4934 in

1574 4986 1870 5050 conspectu
1909 4971 2220 5042 Dei,''llnitis
2250 4991 2343 5031 scs
2368 4974 2621 5045 psalmis,
2645 4972 2807 5029 verba
2836 4971 2985 5041 pacis
3010 4971 3142 5027 facit

1574 5086 1673 5143 pro
1703 5070 1961 5124 omnibus
1986 5069 2307 5136 deprecans,
2355 5073 2410 5119 et
2435 5064 2620 5119 omnia
2650 5062 3027 5117 accenduntur
3054 5062 3142 5113 lu·

1577 5165 1722 5217 tniua
1766 5167 1992 5231 propter
2022 5158 2200 5212 illud:
2241 5173 2262 5208 s
2303 5153 2492 5211 Gloria
2540 5152 2750 5208 Domini
2782 5149 3143 5206 circumfulsit

1574 5266 1691 5308 ets.
1729 5269 1749 5303 a
1789 5248 1987 5303 Deinde
2017 5247 2149 5301 illud
2186 5264 2200 5301 ε
2240 5264 2259 5298 ι
2295 5245 2440 5300 Deus
2473 5243 2735 5298 Dominus
2775 5257 2796 5292 a
2831 5254 2955 5295 cum
2979 5245 3145 5293 cantu

1582 5356 1716 5397 voce
1744 5340 1850 5396 alta
1875 5338 2080 5395 dicitur
2107 5335 2173 5390 ad
2208 5338 2384 5391 instar
2413 5333 2745 5389 laudantium
2789 5329 3140 5396 angelorum3

1583 5439 1638 5487 et
1689 5426 2263 5484 convenientissimum
2295 5431 2377 5480 est
2412 5423 2555 5494 quod
2605 5427 2856 5477 cantatur
2888 5431 2905 5470 :
2943 5433 2965 5468 r
3001 5412 3145 5469 Deus

1585 5519 1851 5575 Dominus
1882 5517 2061 5571 illuxit
2088 5516 2266 5578 nobis,
2302 5534 2322 5568 a
2357 5528 2552 5581 nempe
2579 5509 2813 5566 Verbum
2847 5504 2941 5559 Dei
2970 5503 3143 5559 incar·

1585 5616 1811 5663 natum:
1851 5622 1870 5656 t
1906 5604 2233 5660 Benedictus
2254 5601 2349 5671 qni
2378 5600 2546 5663 venit,
2576 5615 2596 5649 a
2630 5596 2747 5665 ipse
2774 5593 2983 5648 scilicet
3008 5591 3146 5648 Dens

1586 5712 1681 5757 uer
1713 5709 1972 5759 carnemt
2007 5713 2027 5748 ι
2054 5694 2111 5751 ln
2136 5691 2353 5749 nomine
2382 5686 2618 5750 bomini,
2658 5702 2680 5738 a
2712 5696 2905 5750 nempe
2927 5684 3013 5740 sui
3038 5682 3147 5736 Pa·

227 4797 323 4850 καὶ
388 4796 419 4848 ό
456 4796 636 4865 ἱερεὺς
673 4797 886 4850 τεὶειοί.
921 4798 1095 4862 Εὐθὺς
1145 4794 1240 4853 οῦν
1279 4802 1306 4852 ό
1368 4801 1468 4871 μὶν

246 4886 479 4949 ἑωθινὰς
513 4889 678 4957 εὐχάς
708 4888 804 4941 τοῦ
850 4889 986 4943 Θεοῦ
1016 4890 1275 4955 ἐνώπιον,
1298 4891 1367 4945 τὰ
1398 4894 1475 4945 εἰ·

215 4980 283 5031 τά
315 4979 375 5032 τὸ
397 4979 549 5041 τέλος
580 4980 673 5033 τοῦ
707 4979 1023 5050 έξαψάλμου
1057 4980 1226 5048 λέγει,
1260 4983 1478 5036 πάντων

215 5084 346 5134 ,ενος
377 5084 392 5100 ·
451 5072 549 5123 καὶ
607 5070 786 5124 πάντα
849 5070 1150 5124 ἀνάπτεται
1185 5070 1249 5122 τὰ
1297 5071 1476 5137 φῶτα,

215 5161 351 5227 Δόξα
377 5163 586 5232 Κυρίου
635 5163 1008 5234 περιέλαμψεν
1042 5162 1260 5225 αὐτούς.
1307 5181 1324 5214 a
1367 5164 1477 5217 Καὶ

255 5253 478 5323 Κύριος,
521 5271 539 5305 a
573 5256 708 5323 μετὰ
744 5255 944 5323 μέλους
989 5253 1249 5320 ὲκφὼνως
1291 5252 1478 5323 ᾄδεται

216 5360 341 5413 ησιν
363 5344 472 5395 τῶν
497 5342 923 5410 δοξολογούντων
950 5341 1219 5410 ἀγγέλων.
1259 5342 1366 5396 Καὶ
1393 5344 1478 5397 ol·-

215 5434 274 5486 τὸ
304 5434 616 5503 λεγόμενον,
657 5453 676 5486 ι
707 5433 840 5496 Θεὸς
875 5432 1096 5502 Κύριος,
1132 5433 1227 5486 καὶ
1260 5433 1471 5506 έπέφα·

231 5525 259 5576 ό
284 5523 379 5576 τοῦ
413 5524 549 5576 Θεοῦ
585 5524 759 5590 Λόγος
809 5521 1131 5592 σαρκωθείς.
1162 5521 1480 5592 Εὐλογημέ-

215 5611 419 5680 όμενος,
451 5612 610 5674 αὐτὸς
643 5611 718 5672 ὡς
780 5609 913 5671 Θεὸς
947 5609 1035 5661 διὰ
1087 5609 1309 5679 σαρκὸς,
1337 5626 1357 5661 s
1391 5608 1482 5662 Ἐν

215 5700 424 5768 Κυρίου,
465 5719 483 5753 a
520 5700 616 5756 τοῦ
665 5700 874 5765 llum<
909 5698 1073 5754 αὺτοῦ
1124 5701 1216 5752 καίΙ
1261 5698 1482 5752 ἑαυτοῦ.
