<?xml version="1.0" encoding="UTF-8"?>
<!DOCTYPE html PUBLIC "-//W3C//DTD XHTML 1.0 Transitional//EN"
    "http://www.w3.org/TR/xhtml1/DTD/xhtml1-transitional.dtd">
<html xmlns="http://www.w3.org/1999/xhtml" xml:lang="en" lang="en">
 <head>
  <title>
</title>
<meta http-equiv="Content-Type" content="text/html;charset=utf-8" />
  <meta name='ocr-system' content='tesseract 3.04.00' />
  <meta name='ocr-capabilities' content='ocr_page ocr_carea ocr_par ocr_line ocrx_word'/>
</head>
<body>
  <div class='ocr_page' id='page_1' title='image "./patrologicursus107migngoog_0114.png"; bbox 0 0 3784 6125; ppageno 0'>
   <div class='ocr_carea' id='block_1_1' title="bbox 254 314 367 384">
    <p class='ocr_par' dir='ltr' id='par_1_1' title="bbox 254 314 367 384">
     <span class='ocr_line' id='line_1_1' title="bbox 254 314 367 384; baseline 0.035 -4"><span class='ocrx_word' id='word_1_1' title='bbox 254 314 367 384; x_wconf 76' lang='lat'><strong>219</strong></span> 
     </span>
    </p>
   </div>
   <div class='ocr_carea' id='block_1_2' title="bbox 1081 323 2653 406">
    <p class='ocr_par' dir='ltr' id='par_1_2' title="bbox 1081 323 2653 406">
     <span class='ocr_line' id='line_1_2' title="bbox 1081 323 2653 406; baseline 0.005 -21"><span class='ocrx_word' id='word_1_2' title='bbox 1081 325 1472 386; x_wconf 83' lang='lat' dir='ltr'><strong>SYMEONIS</strong></span> <span class='ocrx_word' id='word_1_3' title='bbox 1500 323 2256 406; x_wconf 66' lang='lat' dir='ltr'><strong>TItEssALoNtcENsts</strong></span> <span class='ocrx_word' id='word_1_4' title='bbox 2296 328 2653 393; x_wconf 77' lang='lat' dir='ltr'><strong>AchtEP.</strong></span> 
     </span>
    </p>
   </div>
   <div class='ocr_carea' id='block_1_3' title="bbox 3400 336 3510 402">
    <p class='ocr_par' dir='ltr' id='par_1_3' title="bbox 3400 336 3510 402">
     <span class='ocr_line' id='line_1_3' title="bbox 3400 336 3510 402; baseline 0 0"><span class='ocrx_word' id='word_1_5' title='bbox 3400 336 3510 402; x_wconf 68' lang='lat'><strong>220</strong></span> 
     </span>
    </p>
   </div>
   <div class='ocr_carea' id='block_1_4' title="bbox 256 432 3509 517">
    <p class='ocr_par' dir='ltr' id='par_1_4' title="bbox 256 432 3509 517">
     <span class='ocr_line' id='line_1_4' title="bbox 256 432 3509 517; baseline 0.005 -32"><span class='ocrx_word' id='word_1_6' title='bbox 256 432 552 488; x_wconf 78' lang='lat' dir='ltr'><strong>confltetur</strong></span> <span class='ocrx_word' id='word_1_7' title='bbox 609 433 869 503; x_wconf 83' lang='lat' dir='ltr'><strong>quoniam</strong></span> <span class='ocrx_word' id='word_1_8' title='bbox 896 435 1178 493; x_wconf 74' lang='lat' dir='ltr'><strong>veritatem</strong></span> <span class='ocrx_word' id='word_1_9' title='bbox 1214 437 1508 493; x_wconf 83' lang='lat' dir='ltr'><strong>annuntiat</strong></span> <span class='ocrx_word' id='word_1_10' title='bbox 1553 438 1825 507; x_wconf 76' lang='lat' dir='ltr'>istamque</span> <span class='ocrx_word' id='word_1_11' title='bbox 1855 439 1899 498; x_wconf 77' lang='grc' dir='ltr'><strong>Δ</strong></span> <span class='ocrx_word' id='word_1_12' title='bbox 1928 437 2052 505; x_wconf 77' lang='grc' dir='ltr'>γῆν,</span> <span class='ocrx_word' id='word_1_13' title='bbox 2075 439 2105 491; x_wconf 83' lang='grc' dir='ltr'>ό</span> <span class='ocrx_word' id='word_1_14' title='bbox 2137 437 2448 510; x_wconf 76' lang='grc' dir='ltr'>ἀρχιερεὺς,</span> <span class='ocrx_word' id='word_1_15' title='bbox 2488 457 2509 493; x_wconf 87' lang='grc' dir='ltr'><strong>ι</strong></span> <span class='ocrx_word' id='word_1_16' title='bbox 2559 439 2911 511; x_wconf 75' lang='grc' dir='ltr'>Ἐμφύσησον</span> <span class='ocrx_word' id='word_1_17' title='bbox 2938 442 3109 515; x_wconf 72' lang='grc' dir='ltr'>αὐτῷ,</span> <span class='ocrx_word' id='word_1_18' title='bbox 3146 462 3170 499; x_wconf 76' lang='grc' dir='ltr'><strong>ι</strong></span> <span class='ocrx_word' id='word_1_19' title='bbox 3196 446 3354 517; x_wconf 73' lang='grc' dir='ltr'>φησὶ,</span> <span class='ocrx_word' id='word_1_20' title='bbox 3383 465 3509 503; x_wconf 78' lang='grc' dir='ltr'>του-</span> 
     </span>
    </p>
   </div>
   <div class='ocr_carea' id='block_1_5' title="bbox 256 526 1828 1791">
    <p class='ocr_par' dir='ltr' id='par_1_5' title="bbox 256 526 1828 1791">
     <span class='ocr_line' id='line_1_5' title="bbox 256 526 1827 600; baseline 0.006 -26"><span class='ocrx_word' id='word_1_21' title='bbox 256 532 474 591; x_wconf 87' lang='lat' dir='ltr'><strong>oportet</strong></span> <span class='ocrx_word' id='word_1_22' title='bbox 527 538 712 580; x_wconf 87' lang='lat' dir='ltr'><strong>coram</strong></span> <span class='ocrx_word' id='word_1_23' title='bbox 763 526 969 596; x_wconf 76' lang='lat' dir='ltr'><strong>angelis</strong></span> <span class='ocrx_word' id='word_1_24' title='bbox 1049 536 1105 584; x_wconf 87' lang='lat' dir='ltr'><strong>et</strong></span> <span class='ocrx_word' id='word_1_25' title='bbox 1161 527 1474 586; x_wconf 85' lang='lat' dir='ltr'><strong>hominibus</strong></span> <span class='ocrx_word' id='word_1_26' title='bbox 1532 528 1827 600; x_wconf 70' lang='lat' dir='ltr'><strong>praedicare</strong></span> 
     </span>
     <span class='ocr_line' id='line_1_6' title="bbox 257 614 1826 692; baseline 0.009 -27"><span class='ocrx_word' id='word_1_27' title='bbox 257 625 530 682; x_wconf 86' lang='lat' dir='ltr'><strong>perquam</strong></span> <span class='ocrx_word' id='word_1_28' title='bbox 557 614 743 673; x_wconf 78' lang='lat' dir='ltr'><strong>salvus</strong></span> <span class='ocrx_word' id='word_1_29' title='bbox 767 617 889 687; x_wconf 89' lang='lat' dir='ltr'><strong>erit,</strong></span> <span class='ocrx_word' id='word_1_30' title='bbox 920 616 1195 692; x_wconf 79' lang='lat' dir='ltr'><strong>Deumque</strong></span> <span class='ocrx_word' id='word_1_31' title='bbox 1217 623 1591 680; x_wconf 73' lang='lat' dir='ltr'><strong>universorum</strong></span> <span class='ocrx_word' id='word_1_32' title='bbox 1614 638 1826 679; x_wconf 87' lang='lat' dir='ltr'><strong>annun-</strong></span> 
     </span>
     <span class='ocr_line' id='line_1_7' title="bbox 258 702 1826 778; baseline 0.011 -24"><span class='ocrx_word' id='word_1_33' title='bbox 258 702 397 757; x_wconf 82' lang='lat' dir='ltr'><strong>tiare</strong></span> <span class='ocrx_word' id='word_1_34' title='bbox 417 713 601 773; x_wconf 80' lang='lat' dir='ltr'><strong>aperte</strong></span> <span class='ocrx_word' id='word_1_35' title='bbox 621 715 703 763; x_wconf 88' lang='lat' dir='ltr'><strong>cst</strong></span> <span class='ocrx_word' id='word_1_36' title='bbox 732 711 1127 778; x_wconf 78' lang='lat' dir='ltr'><strong>necessarium,</strong></span> <span class='ocrx_word' id='word_1_37' title='bbox 1158 713 1680 771; x_wconf 75' lang='lat' dir='ltr'><strong>consubstantialem</strong></span> <span class='ocrx_word' id='word_1_38' title='bbox 1703 717 1826 773; x_wconf 88' lang='lat' dir='ltr'><strong>dico</strong></span> 
     </span>
     <span class='ocr_line' id='line_1_8' title="bbox 261 789 1825 870; baseline 0.012 -26"><span class='ocrx_word' id='word_1_39' title='bbox 261 789 581 850; x_wconf 80' lang='lat' dir='ltr'><strong>Trinitatem</strong></span> <span class='ocrx_word' id='word_1_40' title='bbox 603 807 658 854; x_wconf 89' lang='lat' dir='ltr'><strong>et</strong></span> <span class='ocrx_word' id='word_1_41' title='bbox 689 797 865 855; x_wconf 86' lang='lat' dir='ltr'><strong>solum</strong></span> <span class='ocrx_word' id='word_1_42' title='bbox 895 800 989 870; x_wconf 84' lang='lat' dir='ltr'><strong>qui</strong></span> <span class='ocrx_word' id='word_1_43' title='bbox 1028 810 1111 858; x_wconf 84' lang='lat' dir='ltr'><strong>est</strong></span> <span class='ocrx_word' id='word_1_44' title='bbox 1134 802 1322 870; x_wconf 86' lang='lat' dir='ltr'><strong>Deum,</strong></span> <span class='ocrx_word' id='word_1_45' title='bbox 1357 807 1450 859; x_wconf 87' lang='lat' dir='ltr'><strong>sed</strong></span> <span class='ocrx_word' id='word_1_46' title='bbox 1484 814 1541 862; x_wconf 89' lang='lat' dir='ltr'><strong>et</strong></span> <span class='ocrx_word' id='word_1_47' title='bbox 1583 807 1746 862; x_wconf 80' lang='lat' dir='ltr'><strong>unius</strong></span> <span class='ocrx_word' id='word_1_48' title='bbox 1793 822 1825 863; x_wconf 89' lang='lat' dir='ltr'><strong>a</strong></span> 
     </span>
     <span class='ocr_line' id='line_1_9' title="bbox 263 878 1826 969; baseline 0.013 -37"><span class='ocrx_word' id='word_1_49' title='bbox 263 878 528 940; x_wconf 85' lang='lat' dir='ltr'><strong>Trinitate</strong></span> <span class='ocrx_word' id='word_1_50' title='bbox 547 886 710 943; x_wconf 79' lang='lat' dir='ltr'><strong>Verbi</strong></span> <span class='ocrx_word' id='word_1_51' title='bbox 763 887 859 948; x_wconf 88' lang='lat' dir='ltr'><strong>Dei</strong></span> <span class='ocrx_word' id='word_1_52' title='bbox 893 891 1092 949; x_wconf 77' lang='lat' dir='ltr'><strong>factam</strong></span> <span class='ocrx_word' id='word_1_53' title='bbox 1121 905 1343 967; x_wconf 89' lang='lat' dir='ltr'><strong>propter</strong></span> <span class='ocrx_word' id='word_1_54' title='bbox 1397 912 1498 954; x_wconf 90' lang='lat' dir='ltr'><strong>nos</strong></span> <span class='ocrx_word' id='word_1_55' title='bbox 1530 913 1562 955; x_wconf 93' lang='lat' dir='ltr'><strong>e</strong></span> <span class='ocrx_word' id='word_1_56' title='bbox 1604 897 1826 969; x_wconf 78' lang='lat' dir='ltr'><strong>Virgine</strong></span> 
     </span>
     <span class='ocr_line' id='line_1_10' title="bbox 260 970 1828 1061; baseline 0.014 -36"><span class='ocrx_word' id='word_1_57' title='bbox 260 970 710 1035; x_wconf 87' lang='lat' dir='ltr'><strong>incarnationem.</strong></span> <span class='ocrx_word' id='word_1_58' title='bbox 734 978 849 1038; x_wconf 81' lang='lat' dir='ltr'><strong>Hoc</strong></span> <span class='ocrx_word' id='word_1_59' title='bbox 871 982 1035 1054; x_wconf 84' lang='lat' dir='ltr'><strong>igitur</strong></span> <span class='ocrx_word' id='word_1_60' title='bbox 1052 996 1133 1041; x_wconf 88' lang='lat' dir='ltr'><strong>ter</strong></span> <span class='ocrx_word' id='word_1_61' title='bbox 1156 986 1319 1054; x_wconf 77' lang='lat' dir='ltr'><strong>sacto,</strong></span> <span class='ocrx_word' id='word_1_62' title='bbox 1338 998 1392 1045; x_wconf 90' lang='lat' dir='ltr'><strong>et</strong></span> <span class='ocrx_word' id='word_1_63' title='bbox 1418 1000 1705 1061; x_wconf 76' lang='lat' dir='ltr'><strong>postquam</strong></span> <span class='ocrx_word' id='word_1_64' title='bbox 1744 1000 1828 1048; x_wconf 88' lang='lat' dir='ltr'><strong>ter</strong></span> 
     </span>
     <span class='ocr_line' id='line_1_11' title="bbox 258 1068 1827 1155; baseline 0.016 -38"><span class='ocrx_word' id='word_1_65' title='bbox 258 1078 477 1121; x_wconf 86' lang='lat' dir='ltr'><strong>rursum</strong></span> <span class='ocrx_word' id='word_1_66' title='bbox 502 1068 861 1143; x_wconf 84' lang='lat' dir='ltr'><strong>interrogatus</strong></span> <span class='ocrx_word' id='word_1_67' title='bbox 885 1075 1126 1133; x_wconf 77' lang='lat' dir='ltr'><strong>zFateris</strong></span> <span class='ocrx_word' id='word_1_68' title='bbox 1149 1077 1470 1137; x_wconf 74' lang='lat' dir='ltr'><strong>Christum?</strong></span> <span class='ocrx_word' id='word_1_69' title='bbox 1493 1091 1575 1139; x_wconf 86' lang='lat' dir='ltr'><strong>ter</strong></span> <span class='ocrx_word' id='word_1_70' title='bbox 1600 1099 1827 1155; x_wconf 85' lang='lat' dir='ltr'><strong>respon·</strong></span> 
     </span>
     <span class='ocr_line' id='line_1_12' title="bbox 258 1153 1824 1246; baseline 0.016 -38"><span class='ocrx_word' id='word_1_71' title='bbox 258 1153 340 1211; x_wconf 78' lang='lat' dir='ltr'><strong>«lit</strong></span> <span class='ocrx_word' id='word_1_72' title='bbox 372 1171 439 1213; x_wconf 80' lang='lat' dir='ltr'><strong>ex</strong></span> <span class='ocrx_word' id='word_1_73' title='bbox 493 1160 657 1218; x_wconf 84' lang='lat' dir='ltr'><strong>corde</strong></span> <span class='ocrx_word' id='word_1_74' title='bbox 694 1171 748 1220; x_wconf 90' lang='lat' dir='ltr'><strong>et</strong></span> <span class='ocrx_word' id='word_1_75' title='bbox 778 1163 946 1222; x_wconf 82' lang='lat' dir='ltr'><strong>dixit:</strong></span> <span class='ocrx_word' id='word_1_76' title='bbox 977 1184 997 1219; x_wconf 80' lang='grc' dir='ltr'><strong>ι</strong></span> <span class='ocrx_word' id='word_1_77' title='bbox 1022 1167 1278 1226; x_wconf 82' lang='lat' dir='ltr'><strong>Fatemur</strong></span> <span class='ocrx_word' id='word_1_78' title='bbox 1318 1187 1467 1238; x_wconf 91' lang='lat' dir='ltr'><strong>eum,</strong></span> <span class='ocrx_word' id='word_1_79' title='bbox 1501 1192 1520 1227; x_wconf 75' lang='grc' dir='ltr'><strong>ι</strong></span> <span class='ocrx_word' id='word_1_80' title='bbox 1585 1175 1824 1246; x_wconf 77' lang='lat' dir='ltr'><strong>pontifex</strong></span> 
     </span>
     <span class='ocr_line' id='line_1_13' title="bbox 257 1247 1826 1338; baseline 0.017 -40"><span class='ocrx_word' id='word_1_81' title='bbox 257 1247 446 1304; x_wconf 73' lang='lat' dir='ltr'><strong>addit:</strong></span> <span class='ocrx_word' id='word_1_82' title='bbox 502 1267 522 1302; x_wconf 80' lang='grc' dir='ltr'><strong>ι</strong></span> <span class='ocrx_word' id='word_1_83' title='bbox 561 1250 623 1307; x_wconf 82' lang='lat' dir='ltr'><strong>Et</strong></span> <span class='ocrx_word' id='word_1_84' title='bbox 680 1255 844 1311; x_wconf 82' lang='lat' dir='ltr'><strong>adora</strong></span> <span class='ocrx_word' id='word_1_85' title='bbox 913 1272 1062 1316; x_wconf 89' lang='lat' dir='ltr'><strong>eum.</strong></span> <span class='ocrx_word' id='word_1_86' title='bbox 1095 1279 1115 1313; x_wconf 76' lang='lat' dir='ltr'><strong>r</strong></span> <span class='ocrx_word' id='word_1_87' title='bbox 1162 1260 1230 1317; x_wconf 86' lang='lat' dir='ltr'><strong>Et</strong></span> <span class='ocrx_word' id='word_1_88' title='bbox 1275 1264 1698 1334; x_wconf 85' lang='lat' dir='ltr'><strong>signatuscruce</strong></span> <span class='ocrx_word' id='word_1_89' title='bbox 1729 1285 1826 1338; x_wconf 88' lang='lat' dir='ltr'><strong>per</strong></span> 
     </span>
     <span class='ocr_line' id='line_1_14' title="bbox 260 1342 1826 1414; baseline 0.016 -27"><span class='ocrx_word' id='word_1_90' title='bbox 260 1352 479 1394; x_wconf 88' lang='lat' dir='ltr'><strong>manum</strong></span> <span class='ocrx_word' id='word_1_91' title='bbox 504 1342 642 1411; x_wconf 73' lang='lat' dir='ltr'><strong>ejus,</strong></span> <span class='ocrx_word' id='word_1_92' title='bbox 664 1347 807 1414; x_wconf 87' lang='lat' dir='ltr'><strong>quod</strong></span> <span class='ocrx_word' id='word_1_93' title='bbox 829 1346 1028 1404; x_wconf 79' lang='lat' dir='ltr'><strong>Christi</strong></span> <span class='ocrx_word' id='word_1_94' title='bbox 1047 1350 1445 1408; x_wconf 76' lang='lat' dir='ltr'><strong>consessionem</strong></span> <span class='ocrx_word' id='word_1_95' title='bbox 1469 1366 1730 1411; x_wconf 83' lang='lat' dir='ltr'><strong>connotat</strong></span> <span class='ocrx_word' id='word_1_96' title='bbox 1773 1370 1826 1413; x_wconf 85' lang='lat' dir='ltr'><strong>ct</strong></span> 
     </span>
     <span class='ocr_line' id='line_1_15' title="bbox 257 1428 1827 1507; baseline 0.013 -25"><span class='ocrx_word' id='word_1_97' title='bbox 257 1428 541 1487; x_wconf 75' lang='lat' dir='ltr'><strong>manifesta</strong></span> <span class='ocrx_word' id='word_1_98' title='bbox 552 1433 776 1499; x_wconf 86' lang='lat' dir='ltr'><strong>tionem,</strong></span> <span class='ocrx_word' id='word_1_99' title='bbox 800 1446 1086 1507; x_wconf 78' lang='lat' dir='ltr'><strong>postquam</strong></span> <span class='ocrx_word' id='word_1_100' title='bbox 1106 1450 1186 1497; x_wconf 81' lang='lat' dir='ltr'><strong>ter</strong></span> <span class='ocrx_word' id='word_1_101' title='bbox 1206 1443 1511 1500; x_wconf 77' lang='lat' dir='ltr'><strong>adoraverit</strong></span> <span class='ocrx_word' id='word_1_102' title='bbox 1535 1449 1827 1504; x_wconf 88' lang='lat' dir='ltr'><strong>ostendens</strong></span> 
     </span>
     <span class='ocr_line' id='line_1_16' title="bbox 256 1521 1822 1609; baseline 0.012 -35"><span class='ocrx_word' id='word_1_103' title='bbox 256 1521 573 1578; x_wconf 80' lang='lat' dir='ltr'><strong>servitutem</strong></span> <span class='ocrx_word' id='word_1_104' title='bbox 599 1533 654 1580; x_wconf 81' lang='lat' dir='ltr'><strong>et</strong></span> <span class='ocrx_word' id='word_1_105' title='bbox 683 1542 865 1583; x_wconf 81' lang='lat' dir='ltr'><strong>veram</strong></span> <span class='ocrx_word' id='word_1_106' title='bbox 891 1543 1015 1584; x_wconf 92' lang='lat' dir='ltr'><strong>cum</strong></span> <span class='ocrx_word' id='word_1_107' title='bbox 1068 1533 1409 1590; x_wconf 77' lang='lat' dir='ltr'><strong>confessione</strong></span> <span class='ocrx_word' id='word_1_108' title='bbox 1435 1536 1822 1609; x_wconf 81' lang='lat' dir='ltr'><strong>obedientiam,</strong></span> 
     </span>
     <span class='ocr_line' id='line_1_17' title="bbox 261 1613 1824 1698; baseline 0.012 -31"><span class='ocrx_word' id='word_1_109' title='bbox 261 1613 329 1667; x_wconf 84' lang='lat' dir='ltr'><strong>ad</strong></span> <span class='ocrx_word' id='word_1_110' title='bbox 353 1615 618 1672; x_wconf 83' lang='lat' dir='ltr'><strong>orientem</strong></span> <span class='ocrx_word' id='word_1_111' title='bbox 647 1623 1001 1690; x_wconf 81' lang='lat' dir='ltr'><strong>convertitur,</strong></span> <span class='ocrx_word' id='word_1_112' title='bbox 1028 1635 1081 1679; x_wconf 89' lang='lat' dir='ltr'><strong>et</strong></span> <span class='ocrx_word' id='word_1_113' title='bbox 1115 1626 1638 1698; x_wconf 79' lang='lat' dir='ltr'><strong>benedicitpontitex</strong></span> <span class='ocrx_word' id='word_1_114' title='bbox 1660 1628 1824 1685; x_wconf 78' lang='lat' dir='ltr'><strong>Derim</strong></span> 
     </span>
     <span class='ocr_line' id='line_1_18' title="bbox 262 1704 1826 1791; baseline 0.014 -35"><span class='ocrx_word' id='word_1_115' title='bbox 262 1704 357 1769; x_wconf 82' lang='lat' dir='ltr'><strong>qni</strong></span> <span class='ocrx_word' id='word_1_116' title='bbox 419 1708 533 1761; x_wconf 81' lang='lat' dir='ltr'><strong>vuit</strong></span> <span class='ocrx_word' id='word_1_117' title='bbox 566 1724 758 1768; x_wconf 79' lang='lat' dir='ltr'><strong>omnes</strong></span> <span class='ocrx_word' id='word_1_118' title='bbox 807 1714 988 1772; x_wconf 79' lang='lat' dir='ltr'><strong>salvos</strong></span> <span class='ocrx_word' id='word_1_119' title='bbox 1039 1716 1152 1772; x_wconf 82' lang='lat' dir='ltr'><strong>lieri</strong></span> <span class='ocrx_word' id='word_1_120' title='bbox 1186 1732 1203 1785; x_wconf 91' lang='lat'>;</span> <span class='ocrx_word' id='word_1_121' title='bbox 1276 1719 1355 1774; x_wconf 84' lang='lat' dir='ltr'><strong>sic</strong></span> <span class='ocrx_word' id='word_1_122' title='bbox 1412 1720 1555 1774; x_wconf 87' lang='lat' dir='ltr'><strong>enim</strong></span> <span class='ocrx_word' id='word_1_123' title='bbox 1616 1732 1826 1791; x_wconf 87' lang='lat' dir='ltr'><strong>oportet</strong></span> 
     </span>
    </p>
   </div>
   <div class='ocr_carea' id='block_1_6' title="bbox 1923 527 3513 1793">
    <p class='ocr_par' dir='ltr' id='par_1_6' title="bbox 1923 527 3513 1793">
     <span class='ocr_line' id='line_1_19' title="bbox 1930 527 3511 609; baseline 0.009 -30"><span class='ocrx_word' id='word_1_124' title='bbox 1930 527 2109 581; x_wconf 82' lang='grc' dir='ltr'>τέστιν</span> <span class='ocrx_word' id='word_1_125' title='bbox 2132 528 2196 582; x_wconf 78' lang='grc' dir='ltr'>ἐκ</span> <span class='ocrx_word' id='word_1_126' title='bbox 2234 529 2335 599; x_wconf 78' lang='grc' dir='ltr'><strong>τῆς</strong></span> <span class='ocrx_word' id='word_1_127' title='bbox 2362 530 2587 601; x_wconf 75' lang='grc' dir='ltr'><strong>καρδίας</strong></span> <span class='ocrx_word' id='word_1_128' title='bbox 2617 531 2945 605; x_wconf 62' lang='grc' dir='ltr'>ἀπόρριψον.</span> <span class='ocrx_word' id='word_1_129' title='bbox 2985 536 3083 590; x_wconf 76' lang='grc' dir='ltr'><strong>καὶ</strong></span> <span class='ocrx_word' id='word_1_130' title='bbox 3130 537 3242 591; x_wconf 82' lang='grc' dir='ltr'>ἀπὸ</span> <span class='ocrx_word' id='word_1_131' title='bbox 3279 538 3511 609; x_wconf 84' lang='grc' dir='ltr'>καρδίας</span> 
     </span>
     <span class='ocr_line' id='line_1_20' title="bbox 1928 616 3509 699; baseline 0.008 -28"><span class='ocrx_word' id='word_1_132' title='bbox 1928 616 2214 687; x_wconf 80' lang='grc' dir='ltr'>ἀθέτησον,</span> <span class='ocrx_word' id='word_1_133' title='bbox 2272 620 2381 694; x_wconf 28' lang='grc' dir='ltr'>καὶ,</span> <span class='ocrx_word' id='word_1_134' title='bbox 2421 621 2784 693; x_wconf 83' lang='grc' dir='ltr'>καταίσχυνον</span> <span class='ocrx_word' id='word_1_135' title='bbox 2809 624 2903 679; x_wconf 82' lang='grc' dir='ltr'><strong>τὸν</strong></span> <span class='ocrx_word' id='word_1_136' title='bbox 2936 626 3153 699; x_wconf 70' lang='grc' dir='ltr'>ὶχθρόν.</span> <span class='ocrx_word' id='word_1_137' title='bbox 3185 630 3297 683; x_wconf 75' lang='grc' dir='ltr'><strong>Καὶ</strong></span> <span class='ocrx_word' id='word_1_138' title='bbox 3351 630 3509 683; x_wconf 71' lang='grc' dir='ltr'>τοῦτο</span> 
     </span>
     <span class='ocr_line' id='line_1_21' title="bbox 1929 709 3513 794; baseline 0.008 -31"><span class='ocrx_word' id='word_1_139' title='bbox 1929 710 2161 765; x_wconf 74' lang='grc' dir='ltr'>ποιεῖται</span> <span class='ocrx_word' id='word_1_140' title='bbox 2180 709 2302 781; x_wconf 75' lang='grc' dir='ltr'>τρὶς</span> <span class='ocrx_word' id='word_1_141' title='bbox 2333 710 2421 765; x_wconf 72' lang='grc' dir='ltr'><strong>διὰ</strong></span> <span class='ocrx_word' id='word_1_142' title='bbox 2453 712 2515 767; x_wconf 82' lang='grc' dir='ltr'><strong>τὸ</strong></span> <span class='ocrx_word' id='word_1_143' title='bbox 2534 713 2774 784; x_wconf 79' lang='grc' dir='ltr'>ἀσφαλὲς</span> <span class='ocrx_word' id='word_1_144' title='bbox 2800 718 2899 787; x_wconf 77' lang='grc' dir='ltr'><strong>τῆς</strong></span> <span class='ocrx_word' id='word_1_145' title='bbox 2918 718 3203 791; x_wconf 82' lang='grc' dir='ltr'>ἀποταγῆς</span> <span class='ocrx_word' id='word_1_146' title='bbox 3225 720 3320 774; x_wconf 83' lang='grc' dir='ltr'><strong>τοῦ</strong></span> <span class='ocrx_word' id='word_1_147' title='bbox 3344 738 3513 794; x_wconf 76' lang='grc' dir='ltr'>πονη-</span> 
     </span>
     <span class='ocr_line' id='line_1_22' title="bbox 1931 800 3504 883; baseline 0.008 -28"><span class='ocrx_word' id='word_1_148' title='bbox 1931 800 2048 870; x_wconf 83' lang='grc' dir='ltr'>ροῦ,</span> <span class='ocrx_word' id='word_1_149' title='bbox 2079 802 2174 857; x_wconf 72' lang='grc' dir='ltr'><strong>καὶ</strong></span> <span class='ocrx_word' id='word_1_150' title='bbox 2203 804 2282 866; x_wconf 88' lang='grc' dir='ltr'><strong>είς</strong></span> <span class='ocrx_word' id='word_1_151' title='bbox 2314 804 2473 871; x_wconf 81' lang='grc' dir='ltr'>δόξαν</span> <span class='ocrx_word' id='word_1_152' title='bbox 2490 806 2594 881; x_wconf 38' lang='grc' dir='ltr'>,τοῦ</span> <span class='ocrx_word' id='word_1_153' title='bbox 2627 807 2688 861; x_wconf 80' lang='grc' dir='ltr'><strong>έν</strong></span> <span class='ocrx_word' id='word_1_154' title='bbox 2715 805 2907 880; x_wconf 77' lang='grc' dir='ltr'>Τριάδι</span> <span class='ocrx_word' id='word_1_155' title='bbox 2949 810 3113 879; x_wconf 80' lang='grc' dir='ltr'>μόνου</span> <span class='ocrx_word' id='word_1_156' title='bbox 3152 811 3291 866; x_wconf 83' lang='grc' dir='ltr'>Θεοῦ</span> <span class='ocrx_word' id='word_1_157' title='bbox 3325 814 3504 883; x_wconf 74' lang='grc' dir='ltr'>ἡμῶν,</span> 
     </span>
     <span class='ocr_line' id='line_1_23' title="bbox 1926 894 3507 975; baseline 0.008 -28"><span class='ocrx_word' id='word_1_158' title='bbox 1926 894 2443 961; x_wconf 79' lang='grc' dir='ltr'>τοῦκαταδαλόντος</span> <span class='ocrx_word' id='word_1_159' title='bbox 2466 898 2558 951; x_wconf 82' lang='grc' dir='ltr'><strong>τὸν</strong></span> <span class='ocrx_word' id='word_1_160' title='bbox 2585 899 2842 972; x_wconf 85' lang='grc' dir='ltr'>πονηρόν.</span> <span class='ocrx_word' id='word_1_161' title='bbox 2865 898 3029 963; x_wconf 58' lang='lat' dir='ltr'><strong>wita</strong></span> <span class='ocrx_word' id='word_1_162' title='bbox 3054 907 3282 975; x_wconf 76' lang='grc' dir='ltr'>στρέφει</span> <span class='ocrx_word' id='word_1_163' title='bbox 3317 904 3507 960; x_wconf 82' lang='grc' dir='ltr'>τοῦτον</span> 
     </span>
     <span class='ocr_line' id='line_1_24' title="bbox 1926 987 3507 1064; baseline 0.008 -25"><span class='ocrx_word' id='word_1_164' title='bbox 1926 987 2069 1041; x_wconf 75' lang='grc' dir='ltr'>κατὰ</span> <span class='ocrx_word' id='word_1_165' title='bbox 2094 988 2362 1054; x_wconf 81' lang='grc' dir='ltr'>ἀνατολάς</span> <span class='ocrx_word' id='word_1_166' title='bbox 2383 1005 2401 1023; x_wconf 91' lang='grc'>·</span> <span class='ocrx_word' id='word_1_167' title='bbox 2431 991 2566 1062; x_wconf 83' lang='grc' dir='ltr'>πρὸς</span> <span class='ocrx_word' id='word_1_168' title='bbox 2598 992 2660 1046; x_wconf 87' lang='grc' dir='ltr'><strong>τὸ</strong></span> <span class='ocrx_word' id='word_1_169' title='bbox 2683 992 2801 1061; x_wconf 78' lang='grc' dir='ltr'><strong>φῶς</strong></span> <span class='ocrx_word' id='word_1_170' title='bbox 2862 993 2973 1062; x_wconf 81' lang='grc' dir='ltr'>γὰρ</span> <span class='ocrx_word' id='word_1_171' title='bbox 3014 995 3214 1064; x_wconf 79' lang='grc' dir='ltr'>ἀνάγει</span> <span class='ocrx_word' id='word_1_172' title='bbox 3261 996 3375 1050; x_wconf 82' lang='grc' dir='ltr'>ἀπὸ</span> <span class='ocrx_word' id='word_1_173' title='bbox 3413 996 3507 1051; x_wconf 74' lang='grc' dir='ltr'><strong>τοῦ</strong></span> 
     </span>
     <span class='ocr_line' id='line_1_25' title="bbox 1928 1076 3509 1155; baseline 0.007 -26"><span class='ocrx_word' id='word_1_174' title='bbox 1928 1076 2174 1145; x_wconf 82' lang='grc' dir='ltr'>σκότους,</span> <span class='ocrx_word' id='word_1_175' title='bbox 2206 1080 2301 1132; x_wconf 76' lang='grc' dir='ltr'><strong>καὶ</strong></span> <span class='ocrx_word' id='word_1_176' title='bbox 2332 1079 2395 1132; x_wconf 67' lang='grc' dir='ltr'>ἐκ</span> <span class='ocrx_word' id='word_1_177' title='bbox 2418 1078 2512 1133; x_wconf 84' lang='grc' dir='ltr'><strong>τοῦ</strong></span> <span class='ocrx_word' id='word_1_178' title='bbox 2538 1079 2771 1151; x_wconf 79' lang='grc' dir='ltr'>ψεύδους</span> <span class='ocrx_word' id='word_1_179' title='bbox 2794 1081 2932 1153; x_wconf 82' lang='grc' dir='ltr'>πρὸς</span> <span class='ocrx_word' id='word_1_180' title='bbox 2954 1082 3054 1155; x_wconf 78' lang='grc' dir='ltr'><strong>τὴν</strong></span> <span class='ocrx_word' id='word_1_181' title='bbox 3075 1084 3367 1154; x_wconf 78' lang='grc' dir='ltr'>ἀληθειαν.</span> <span class='ocrx_word' id='word_1_182' title='bbox 3398 1085 3509 1140; x_wconf 73' lang='grc' dir='ltr'>Καί</span> 
     </span>
     <span class='ocr_line' id='line_1_26' title="bbox 1927 1168 3505 1248; baseline 0.009 -30"><span class='ocrx_word' id='word_1_183' title='bbox 1927 1168 2456 1239; x_wconf 78' lang='grc' dir='ltr'>φησινδάρχιερεῦς</span> <span class='ocrx_word' id='word_1_184' title='bbox 2491 1186 2507 1201; x_wconf 93' lang='grc'><em>·</em></span> <span class='ocrx_word' id='word_1_185' title='bbox 2552 1188 2572 1223; x_wconf 81' lang='grc' dir='ltr'><strong>ι</strong></span> <span class='ocrx_word' id='word_1_186' title='bbox 2610 1172 2771 1235; x_wconf 78' lang='grc' dir='ltr'>Εἰπὲ,</span> <span class='ocrx_word' id='word_1_187' title='bbox 2831 1174 2947 1229; x_wconf 73' lang='grc' dir='ltr'>Καὶ</span> <span class='ocrx_word' id='word_1_188' title='bbox 2993 1176 3379 1245; x_wconf 68' lang='grc' dir='ltr'>συντάσσομαι</span> <span class='ocrx_word' id='word_1_189' title='bbox 3427 1176 3505 1248; x_wconf 78' lang='grc' dir='ltr'><strong>τῷ</strong></span> 
     </span>
     <span class='ocr_line' id='line_1_27' title="bbox 1926 1258 3506 1338; baseline 0.006 -26"><span class='ocrx_word' id='word_1_190' title='bbox 1926 1258 2172 1330; x_wconf 78' lang='grc' dir='ltr'>Χριστῷ,</span> <span class='ocrx_word' id='word_1_191' title='bbox 2198 1262 2293 1316; x_wconf 73' lang='grc' dir='ltr'><strong>καὶ</strong></span> <span class='ocrx_word' id='word_1_192' title='bbox 2320 1262 2563 1318; x_wconf 77' lang='grc' dir='ltr'><strong>πιστεύω</strong></span> <span class='ocrx_word' id='word_1_193' title='bbox 2587 1258 2666 1327; x_wconf 85' lang='grc' dir='ltr'><strong>είς</strong></span> <span class='ocrx_word' id='word_1_194' title='bbox 2685 1264 2783 1320; x_wconf 73' lang='grc' dir='ltr'><strong>ἕνα</strong></span> <span class='ocrx_word' id='word_1_195' title='bbox 2803 1265 2935 1320; x_wconf 84' lang='grc' dir='ltr'>Θεὸν</span> <span class='ocrx_word' id='word_1_196' title='bbox 2956 1266 3178 1338; x_wconf 79' lang='grc' dir='ltr'>Πατέρα</span> <span class='ocrx_word' id='word_1_197' title='bbox 3200 1268 3506 1337; x_wconf 72' lang='grc' dir='ltr'>παντοκρά·</span> 
     </span>
     <span class='ocr_line' id='line_1_28' title="bbox 1924 1348 3504 1430; baseline 0.008 -27"><span class='ocrx_word' id='word_1_198' title='bbox 1924 1367 2082 1421; x_wconf 87' lang='grc' dir='ltr'>τορα,</span> <span class='ocrx_word' id='word_1_199' title='bbox 2121 1370 2143 1405; x_wconf 77' lang='grc' dir='ltr'><strong>ι</strong></span> <span class='ocrx_word' id='word_1_200' title='bbox 2180 1355 2275 1407; x_wconf 77' lang='grc' dir='ltr'><strong>καὶ</strong></span> <span class='ocrx_word' id='word_1_201' title='bbox 2302 1354 2371 1407; x_wconf 86' lang='grc' dir='ltr'>τά</span> <span class='ocrx_word' id='word_1_202' title='bbox 2403 1348 2553 1423; x_wconf 77' lang='grc' dir='ltr'>ἑξῆς.</span> <span class='ocrx_word' id='word_1_203' title='bbox 2605 1358 2697 1409; x_wconf 74' lang='grc' dir='ltr'><strong>Δεῖ</strong></span> <span class='ocrx_word' id='word_1_204' title='bbox 2741 1356 2851 1428; x_wconf 73' lang='grc' dir='ltr'>γὰρ</span> <span class='ocrx_word' id='word_1_205' title='bbox 2895 1357 3060 1412; x_wconf 76' lang='grc' dir='ltr'>αὑτὸν</span> <span class='ocrx_word' id='word_1_206' title='bbox 3110 1359 3175 1413; x_wconf 84' lang='grc' dir='ltr'><strong>τὸ</strong></span> <span class='ocrx_word' id='word_1_207' title='bbox 3228 1361 3504 1430; x_wconf 75' lang='grc' dir='ltr'>τρισήλιον</span> 
     </span>
     <span class='ocr_line' id='line_1_29' title="bbox 1924 1440 3501 1522; baseline 0.007 -29"><span class='ocrx_word' id='word_1_208' title='bbox 1924 1440 2182 1511; x_wconf 82' lang='grc' dir='ltr'>καθαρῶς</span> <span class='ocrx_word' id='word_1_209' title='bbox 2211 1442 2615 1514; x_wconf 84' lang='grc' dir='ltr'>ἀνομολογῆσαι</span> <span class='ocrx_word' id='word_1_210' title='bbox 2644 1446 2780 1513; x_wconf 73' lang='grc' dir='ltr'>φῶς,</span> <span class='ocrx_word' id='word_1_211' title='bbox 2804 1445 2880 1510; x_wconf 83' lang='grc' dir='ltr'><strong>ὡς</strong></span> <span class='ocrx_word' id='word_1_212' title='bbox 2915 1446 2983 1500; x_wconf 78' lang='grc' dir='ltr'><strong>ἂν</strong></span> <span class='ocrx_word' id='word_1_213' title='bbox 3039 1449 3135 1502; x_wconf 73' lang='grc' dir='ltr'><strong>καὶ</strong></span> <span class='ocrx_word' id='word_1_214' title='bbox 3189 1452 3259 1519; x_wconf 73' lang='grc' dir='ltr'><strong>τῇ</strong></span> <span class='ocrx_word' id='word_1_215' title='bbox 3308 1450 3501 1522; x_wconf 75' lang='grc' dir='ltr'>καρδίᾳ</span> 
     </span>
     <span class='ocr_line' id='line_1_30' title="bbox 1923 1529 3500 1608; baseline 0.009 -25"><span class='ocrx_word' id='word_1_216' title='bbox 1923 1529 2141 1600; x_wconf 77' lang='grc' dir='ltr'><strong>δέξηται</strong></span> <span class='ocrx_word' id='word_1_217' title='bbox 2164 1531 2260 1602; x_wconf 78' lang='grc' dir='ltr'><strong>τὴν</strong></span> <span class='ocrx_word' id='word_1_218' title='bbox 2288 1532 2496 1604; x_wconf 74' lang='grc' dir='ltr'>λάμψιν</span> <span class='ocrx_word' id='word_1_219' title='bbox 2526 1535 2718 1590; x_wconf 75' lang='grc' dir='ltr'>αὐτοῦ.</span> <span class='ocrx_word' id='word_1_220' title='bbox 2750 1536 2862 1607; x_wconf 80' lang='grc' dir='ltr'><strong>Τὴν</strong></span> <span class='ocrx_word' id='word_1_221' title='bbox 2914 1539 3211 1608; x_wconf 76' lang='grc' dir='ltr'><strong>ὁμολογίαν</strong></span> <span class='ocrx_word' id='word_1_222' title='bbox 3270 1540 3369 1596; x_wconf 77' lang='grc' dir='ltr'><strong>οὖν</strong></span> <span class='ocrx_word' id='word_1_223' title='bbox 3408 1539 3500 1597; x_wconf 72' lang='grc' dir='ltr'><strong>τοῦ</strong></span> 
     </span>
     <span class='ocr_line' id='line_1_31' title="bbox 1926 1620 3498 1701; baseline 0.008 -27"><span class='ocrx_word' id='word_1_224' title='bbox 1926 1620 2072 1685; x_wconf 75' lang='grc' dir='ltr'>ἱεροῦ</span> <span class='ocrx_word' id='word_1_225' title='bbox 2101 1622 2378 1689; x_wconf 77' lang='grc' dir='ltr'>Συμὸόλου</span> <span class='ocrx_word' id='word_1_226' title='bbox 2411 1626 2590 1680; x_wconf 70' lang='grc' dir='ltr'>πᾶσαν</span> <span class='ocrx_word' id='word_1_227' title='bbox 2614 1628 2886 1697; x_wconf 79' lang='grc' dir='ltr'>λαμπρῶς</span> <span class='ocrx_word' id='word_1_228' title='bbox 2928 1629 3005 1699; x_wconf 86' lang='grc' dir='ltr'><strong>τῷ</strong></span> <span class='ocrx_word' id='word_1_229' title='bbox 3036 1630 3274 1699; x_wconf 84' lang='grc' dir='ltr'>στόματι</span> <span class='ocrx_word' id='word_1_230' title='bbox 3334 1631 3498 1701; x_wconf 79' lang='grc' dir='ltr'>λέγει.</span> 
     </span>
     <span class='ocr_line' id='line_1_32' title="bbox 1926 1711 3502 1793; baseline 0.01 -30"><span class='ocrx_word' id='word_1_231' title='bbox 1926 1711 2038 1765; x_wconf 74' lang='grc' dir='ltr'>Καὶ</span> <span class='ocrx_word' id='word_1_232' title='bbox 2061 1712 2220 1767; x_wconf 85' lang='grc' dir='ltr'>τοῦτο</span> <span class='ocrx_word' id='word_1_233' title='bbox 2268 1719 2501 1771; x_wconf 77' lang='grc' dir='ltr'>ποιεῖται</span> <span class='ocrx_word' id='word_1_234' title='bbox 2557 1717 2700 1787; x_wconf 74' lang='grc' dir='ltr'>τρὶς,</span> <span class='ocrx_word' id='word_1_235' title='bbox 2762 1716 2999 1785; x_wconf 77' lang='grc' dir='ltr'>βεὸαιῶν</span> <span class='ocrx_word' id='word_1_236' title='bbox 3038 1723 3143 1788; x_wconf 86' lang='grc' dir='ltr'><strong>τὴν</strong></span> <span class='ocrx_word' id='word_1_237' title='bbox 3190 1723 3502 1793; x_wconf 76' lang='grc' dir='ltr'>ὁμολογίαν,</span> 
     </span>
    </p>
   </div>
   <div class='ocr_carea' id='block_1_7' title="bbox 256 1788 3499 1883">
    <p class='ocr_par' dir='ltr' id='par_1_7' title="bbox 256 1788 3499 1883">
     <span class='ocr_line' id='line_1_33' title="bbox 256 1788 3499 1883; baseline 0.005 -32"><span class='ocrx_word' id='word_1_238' title='bbox 256 1795 323 1850; x_wconf 84' lang='lat' dir='ltr'><strong>de</strong></span> <span class='ocrx_word' id='word_1_239' title='bbox 373 1799 630 1858; x_wconf 85' lang='lat' dir='ltr'><strong>omnibus</strong></span> <span class='ocrx_word' id='word_1_240' title='bbox 671 1794 874 1870; x_wconf 77' lang='lat' dir='ltr'><strong>gratias</strong></span> <span class='ocrx_word' id='word_1_241' title='bbox 936 1822 1119 1875; x_wconf 85' lang='lat' dir='ltr'><strong>agere,</strong></span> <span class='ocrx_word' id='word_1_242' title='bbox 1151 1817 1207 1864; x_wconf 92' lang='lat' dir='ltr'><strong>ct</strong></span> <span class='ocrx_word' id='word_1_243' title='bbox 1268 1810 1565 1878; x_wconf 65' lang='lat' dir='ltr'><strong>pra-sertim</strong></span> <span class='ocrx_word' id='word_1_244' title='bbox 1619 1812 1685 1868; x_wconf 87' lang='lat' dir='ltr'><strong>de</strong></span> <span class='ocrx_word' id='word_1_245' title='bbox 1722 1816 1824 1869; x_wconf 77' lang='lat' dir='ltr'><strong>lto·</strong></span> <span class='ocrx_word' id='word_1_246' title='bbox 1855 1788 1899 1843; x_wconf 72' lang='grc' dir='ltr'><strong>Β</strong></span> <span class='ocrx_word' id='word_1_247' title='bbox 1927 1801 2046 1871; x_wconf 68' lang='grc' dir='ltr'>ἅμα</span> <span class='ocrx_word' id='word_1_248' title='bbox 2072 1802 2128 1855; x_wconf 73' lang='grc' dir='ltr'><strong>δὲ</strong></span> <span class='ocrx_word' id='word_1_249' title='bbox 2160 1806 2255 1857; x_wconf 75' lang='grc' dir='ltr'>καὶ</span> <span class='ocrx_word' id='word_1_250' title='bbox 2283 1805 2366 1866; x_wconf 72' lang='grc' dir='ltr'><strong>είς</strong></span> <span class='ocrx_word' id='word_1_251' title='bbox 2404 1805 2589 1873; x_wconf 79' lang='grc' dir='ltr'>τιμὴν,</span> <span class='ocrx_word' id='word_1_252' title='bbox 2624 1806 2699 1869; x_wconf 79' lang='grc' dir='ltr'><strong>ὡς</strong></span> <span class='ocrx_word' id='word_1_253' title='bbox 2729 1808 3034 1877; x_wconf 78' lang='grc' dir='ltr'>είρήκαμεν</span> <span class='ocrx_word' id='word_1_254' title='bbox 3098 1811 3200 1880; x_wconf 81' lang='grc' dir='ltr'>τῆς</span> <span class='ocrx_word' id='word_1_255' title='bbox 3248 1828 3499 1883; x_wconf 62' lang='lat' dir='ltr'><strong>epicum·</strong></span> 
     </span>
    </p>
   </div>
   <div class='ocr_carea' id='block_1_8' title="bbox 252 1889 1825 3069">
    <p class='ocr_par' dir='ltr' id='par_1_8' title="bbox 252 1889 1825 3069">
     <span class='ocr_line' id='line_1_34' title="bbox 260 1889 1825 1970; baseline 0.01 -29"><span class='ocrx_word' id='word_1_256' title='bbox 260 1889 464 1945; x_wconf 80' lang='lat' dir='ltr'><strong>rninum</strong></span> <span class='ocrx_word' id='word_1_257' title='bbox 507 1893 702 1949; x_wconf 86' lang='lat' dir='ltr'><strong>salute.</strong></span> <span class='ocrx_word' id='word_1_258' title='bbox 760 1896 824 1951; x_wconf 79' lang='lat' dir='ltr'><strong>Et</strong></span> <span class='ocrx_word' id='word_1_259' title='bbox 867 1897 940 1952; x_wconf 88' lang='lat' dir='ltr'><strong>ita</strong></span> <span class='ocrx_word' id='word_1_260' title='bbox 991 1900 1301 1970; x_wconf 88' lang='lat' dir='ltr'><strong>suscipiens</strong></span> <span class='ocrx_word' id='word_1_261' title='bbox 1345 1901 1519 1970; x_wconf 82' lang='lat' dir='ltr'><strong>ipsum</strong></span> <span class='ocrx_word' id='word_1_262' title='bbox 1569 1906 1825 1960; x_wconf 77' lang='lat' dir='ltr'><strong>catechu-</strong></span> 
     </span>
     <span class='ocr_line' id='line_1_35' title="bbox 261 1990 1824 2061; baseline 0.012 -29"><span class='ocrx_word' id='word_1_263' title='bbox 261 1994 475 2036; x_wconf 86' lang='lat' dir='ltr'><strong>menum</strong></span> <span class='ocrx_word' id='word_1_264' title='bbox 501 1998 596 2052; x_wconf 88' lang='lat' dir='ltr'><strong>per</strong></span> <span class='ocrx_word' id='word_1_265' title='bbox 621 2000 838 2043; x_wconf 89' lang='lat' dir='ltr'><strong>manum</strong></span> <span class='ocrx_word' id='word_1_266' title='bbox 873 1990 1032 2061; x_wconf 82' lang='lat' dir='ltr'><strong>quasi</strong></span> <span class='ocrx_word' id='word_1_267' title='bbox 1073 1991 1337 2060; x_wconf 89' lang='lat' dir='ltr'><strong>perditum</strong></span> <span class='ocrx_word' id='word_1_268' title='bbox 1378 1994 1685 2060; x_wconf 81' lang='lat' dir='ltr'><strong>inveniens,</strong></span> <span class='ocrx_word' id='word_1_269' title='bbox 1740 1997 1824 2051; x_wconf 86' lang='lat' dir='ltr'><strong>in·</strong></span> 
     </span>
     <span class='ocr_line' id='line_1_36' title="bbox 259 2073 1824 2152; baseline 0.012 -24"><span class='ocrx_word' id='word_1_270' title='bbox 259 2073 493 2129; x_wconf 90' lang='lat' dir='ltr'><strong>troducit</strong></span> <span class='ocrx_word' id='word_1_271' title='bbox 533 2074 585 2131; x_wconf 91' lang='lat' dir='ltr'><strong>in</strong></span> <span class='ocrx_word' id='word_1_272' title='bbox 619 2079 900 2149; x_wconf 88' lang='lat' dir='ltr'><strong>templum,</strong></span> <span class='ocrx_word' id='word_1_273' title='bbox 967 2097 1159 2152; x_wconf 85' lang='lat' dir='ltr'><strong>nempe</strong></span> <span class='ocrx_word' id='word_1_274' title='bbox 1191 2084 1336 2140; x_wconf 81' lang='lat' dir='ltr'><strong>velut</strong></span> <span class='ocrx_word' id='word_1_275' title='bbox 1372 2084 1426 2139; x_wconf 93' lang='lat' dir='ltr'><strong>in</strong></span> <span class='ocrx_word' id='word_1_276' title='bbox 1475 2088 1672 2144; x_wconf 85' lang='lat' dir='ltr'><strong>coelum</strong></span> <span class='ocrx_word' id='word_1_277' title='bbox 1741 2092 1824 2148; x_wconf 78' lang='lat' dir='ltr'><strong>vel</strong></span> 
     </span>
     <span class='ocr_line' id='line_1_37' title="bbox 255 2166 1821 2239; baseline 0.012 -20"><span class='ocrx_word' id='word_1_278' title='bbox 255 2166 310 2221; x_wconf 92' lang='lat' dir='ltr'><strong>in</strong></span> <span class='ocrx_word' id='word_1_279' title='bbox 364 2170 700 2239; x_wconf 84' lang='lat' dir='ltr'><strong>paradisum,</strong></span> <span class='ocrx_word' id='word_1_280' title='bbox 763 2183 1076 2230; x_wconf 88' lang='lat' dir='ltr'><strong>monstrans</strong></span> <span class='ocrx_word' id='word_1_281' title='bbox 1140 2190 1200 2230; x_wconf 87' lang='lat' dir='ltr'><strong>se</strong></span> <span class='ocrx_word' id='word_1_282' title='bbox 1218 2192 1342 2234; x_wconf 88' lang='lat' dir='ltr'><strong>eum</strong></span> <span class='ocrx_word' id='word_1_283' title='bbox 1410 2178 1472 2232; x_wconf 89' lang='lat' dir='ltr'><strong>a‹l</strong></span> <span class='ocrx_word' id='word_1_284' title='bbox 1533 2180 1821 2238; x_wconf 82' lang='lat' dir='ltr'><strong>Dominum</strong></span> 
     </span>
     <span class='ocr_line' id='line_1_38' title="bbox 252 2259 1824 2331; baseline 0.013 -20"><span class='ocrx_word' id='word_1_285' title='bbox 252 2259 345 2328; x_wconf 79' lang='lat' dir='ltr'><strong>qni</strong></span> <span class='ocrx_word' id='word_1_286' title='bbox 381 2261 638 2319; x_wconf 82' lang='lat' dir='ltr'><strong>amiserat</strong></span> <span class='ocrx_word' id='word_1_287' title='bbox 681 2262 959 2320; x_wconf 86' lang='lat' dir='ltr'><strong>reducere.</strong></span> <span class='ocrx_word' id='word_1_288' title='bbox 1000 2263 1270 2323; x_wconf 87' lang='lat' dir='ltr'><strong>Gaudium</strong></span> <span class='ocrx_word' id='word_1_289' title='bbox 1310 2284 1437 2325; x_wconf 81' lang='lat' dir='ltr'><strong>vero</strong></span> <span class='ocrx_word' id='word_1_290' title='bbox 1471 2271 1824 2331; x_wconf 66' lang='lat' dir='ltr'><strong>manifestans</strong></span> 
     </span>
     <span class='ocr_line' id='line_1_39' title="bbox 254 2352 1820 2432; baseline 0.01 -28"><span class='ocrx_word' id='word_1_291' title='bbox 254 2365 366 2419; x_wconf 82' lang='lat' dir='ltr'><strong>quo</strong></span> <span class='ocrx_word' id='word_1_292' title='bbox 394 2367 519 2409; x_wconf 89' lang='lat' dir='ltr'><strong>cum</strong></span> <span class='ocrx_word' id='word_1_293' title='bbox 579 2352 786 2424; x_wconf 76' lang='lat' dir='ltr'><strong>angelis</strong></span> <span class='ocrx_word' id='word_1_294' title='bbox 813 2356 1010 2428; x_wconf 88' lang='lat' dir='ltr'><strong>gaudet</strong></span> <span class='ocrx_word' id='word_1_295' title='bbox 1040 2357 1108 2412; x_wconf 88' lang='lat' dir='ltr'><strong>de</strong></span> <span class='ocrx_word' id='word_1_296' title='bbox 1138 2371 1421 2431; x_wconf 83' lang='lat' dir='ltr'><strong>peccatore</strong></span> <span class='ocrx_word' id='word_1_297' title='bbox 1452 2364 1820 2432; x_wconf 84' lang='lat' dir='ltr'><strong>poenitentiam</strong></span> 
     </span>
     <span class='ocr_line' id='line_1_40' title="bbox 254 2444 1824 2523; baseline 0.014 -30"><span class='ocrx_word' id='word_1_298' title='bbox 254 2453 486 2516; x_wconf 65' lang='lat' dir='ltr'><strong>agentes</strong></span> <span class='ocrx_word' id='word_1_299' title='bbox 526 2462 545 2496; x_wconf 82' lang='grc' dir='ltr'><strong>ι</strong></span> <span class='ocrx_word' id='word_1_300' title='bbox 583 2444 792 2514; x_wconf 84' lang='lat' dir='ltr'><strong>Gaude,</strong></span> <span class='ocrx_word' id='word_1_301' title='bbox 824 2450 1000 2517; x_wconf 77' lang='lat' dir='ltr'><strong>gratia</strong></span> <span class='ocrx_word' id='word_1_302' title='bbox 1031 2449 1207 2519; x_wconf 89' lang='lat' dir='ltr'><strong>plena,</strong></span> <span class='ocrx_word' id='word_1_303' title='bbox 1241 2470 1260 2505; x_wconf 77' lang='grc' dir='ltr'><strong>ι</strong></span> <span class='ocrx_word' id='word_1_304' title='bbox 1324 2453 1399 2508; x_wconf 91' lang='lat' dir='ltr'><strong>ait</strong></span> <span class='ocrx_word' id='word_1_305' title='bbox 1447 2456 1738 2523; x_wconf 85' lang='lat' dir='ltr'><strong>cantando,</strong></span> <span class='ocrx_word' id='word_1_306' title='bbox 1771 2467 1824 2514; x_wconf 89' lang='lat' dir='ltr'><strong>et</strong></span> 
     </span>
     <span class='ocr_line' id='line_1_41' title="bbox 256 2529 1819 2612; baseline 0.011 -30"><span class='ocrx_word' id='word_1_307' title='bbox 256 2529 578 2599; x_wconf 85' lang='lat' dir='ltr'><strong>ingreditur.</strong></span> <span class='ocrx_word' id='word_1_308' title='bbox 622 2533 743 2604; x_wconf 85' lang='lat' dir='ltr'><strong>ipsa</strong></span> <span class='ocrx_word' id='word_1_309' title='bbox 789 2536 935 2591; x_wconf 89' lang='lat' dir='ltr'><strong>enim</strong></span> <span class='ocrx_word' id='word_1_310' title='bbox 977 2547 1063 2593; x_wconf 84' lang='lat' dir='ltr'><strong>est</strong></span> <span class='ocrx_word' id='word_1_311' title='bbox 1090 2554 1252 2595; x_wconf 86' lang='lat' dir='ltr'><strong>cansa</strong></span> <span class='ocrx_word' id='word_1_312' title='bbox 1301 2541 1556 2597; x_wconf 85' lang='lat' dir='ltr'><strong>salutaris</strong></span> <span class='ocrx_word' id='word_1_313' title='bbox 1601 2544 1819 2612; x_wconf 73' lang='lat' dir='ltr'><strong>laetitize,</strong></span> 
     </span>
     <span class='ocr_line' id='line_1_42' title="bbox 258 2624 1824 2701; baseline 0.01 -23"><span class='ocrx_word' id='word_1_314' title='bbox 258 2629 409 2688; x_wconf 88' lang='lat' dir='ltr'><strong>porta</strong></span> <span class='ocrx_word' id='word_1_315' title='bbox 427 2624 728 2691; x_wconf 77' lang='lat' dir='ltr'><strong>salutifera,</strong></span> <span class='ocrx_word' id='word_1_316' title='bbox 759 2641 881 2696; x_wconf 84' lang='lat' dir='ltr'><strong>quae</strong></span> <span class='ocrx_word' id='word_1_317' title='bbox 906 2628 1134 2682; x_wconf 89' lang='lat' dir='ltr'><strong>salutem</strong></span> <span class='ocrx_word' id='word_1_318' title='bbox 1168 2630 1325 2685; x_wconf 88' lang='lat' dir='ltr'><strong>nobis</strong></span> <span class='ocrx_word' id='word_1_319' title='bbox 1349 2631 1701 2701; x_wconf 85' lang='lat' dir='ltr'><strong>dispensavit,</strong></span> <span class='ocrx_word' id='word_1_320' title='bbox 1731 2651 1824 2693; x_wconf 69' lang='lat' dir='ltr'><strong>ve·</strong></span> 
     </span>
     <span class='ocr_line' id='line_1_43' title="bbox 254 2717 1812 2794; baseline 0.008 -26"><span class='ocrx_word' id='word_1_321' title='bbox 254 2731 482 2787; x_wconf 78' lang='lat' dir='ltr'><strong>rainqne</strong></span> <span class='ocrx_word' id='word_1_322' title='bbox 514 2717 620 2772; x_wconf 79' lang='lat' dir='ltr'><strong>Deo</strong></span> <span class='ocrx_word' id='word_1_323' title='bbox 649 2717 890 2774; x_wconf 80' lang='lat' dir='ltr'><strong>laetitiam</strong></span> <span class='ocrx_word' id='word_1_324' title='bbox 913 2719 1146 2775; x_wconf 81' lang='lat' dir='ltr'><strong>Verbum</strong></span> <span class='ocrx_word' id='word_1_325' title='bbox 1176 2722 1345 2776; x_wconf 86' lang='lat' dir='ltr'><strong>Deum</strong></span> <span class='ocrx_word' id='word_1_326' title='bbox 1371 2738 1439 2778; x_wconf 87' lang='lat' dir='ltr'><strong>ex</strong></span> <span class='ocrx_word' id='word_1_327' title='bbox 1469 2724 1584 2794; x_wconf 88' lang='lat' dir='ltr'><strong>ipsa</strong></span> <span class='ocrx_word' id='word_1_328' title='bbox 1631 2726 1812 2781; x_wconf 86' lang='lat' dir='ltr'><strong>iucar-</strong></span> 
     </span>
     <span class='ocr_line' id='line_1_44' title="bbox 254 2807 1816 2882; baseline 0.01 -25"><span class='ocrx_word' id='word_1_329' title='bbox 254 2813 440 2860; x_wconf 89' lang='lat' dir='ltr'><strong>natum</strong></span> <span class='ocrx_word' id='word_1_330' title='bbox 466 2814 659 2862; x_wconf 86' lang='lat' dir='ltr'><strong>sancto</strong></span> <span class='ocrx_word' id='word_1_331' title='bbox 681 2818 736 2863; x_wconf 89' lang='lat' dir='ltr'><strong>et</strong></span> <span class='ocrx_word' id='word_1_332' title='bbox 760 2807 1002 2877; x_wconf 81' lang='lat' dir='ltr'><strong>virgineo</strong></span> <span class='ocrx_word' id='word_1_333' title='bbox 1024 2817 1180 2876; x_wconf 88' lang='lat' dir='ltr'><strong>partu</strong></span> <span class='ocrx_word' id='word_1_334' title='bbox 1237 2813 1425 2882; x_wconf 84' lang='lat' dir='ltr'><strong>genuit</strong></span> <span class='ocrx_word' id='word_1_335' title='bbox 1472 2815 1537 2868; x_wconf 91' lang='lat' dir='ltr'><strong>ad</strong></span> <span class='ocrx_word' id='word_1_336' title='bbox 1573 2825 1816 2873; x_wconf 86' lang='lat' dir='ltr'><strong>nostram</strong></span> 
     </span>
     <span class='ocr_line' id='line_1_45' title="bbox 253 2894 1819 2978; baseline 0.01 -30"><span class='ocrx_word' id='word_1_337' title='bbox 253 2894 724 2955; x_wconf 84' lang='lat' dir='ltr'><strong>instaurationem.</strong></span> <span class='ocrx_word' id='word_1_338' title='bbox 753 2896 980 2970; x_wconf 82' lang='lat' dir='ltr'><strong>Insuper</strong></span> <span class='ocrx_word' id='word_1_339' title='bbox 1006 2899 1315 2957; x_wconf 87' lang='lat' dir='ltr'><strong>Simeonem</strong></span> <span class='ocrx_word' id='word_1_340' title='bbox 1347 2903 1587 2962; x_wconf 77' lang='lat' dir='ltr'><strong>referens</strong></span> <span class='ocrx_word' id='word_1_341' title='bbox 1641 2909 1819 2978; x_wconf 89' lang='lat' dir='ltr'><strong>ponti-</strong></span> 
     </span>
     <span class='ocr_line' id='line_1_46' title="bbox 255 2987 1817 3069; baseline 0.009 -28"><span class='ocrx_word' id='word_1_342' title='bbox 255 2987 341 3042; x_wconf 67' lang='grc' dir='ltr'><strong>[οε</strong></span> <span class='ocrx_word' id='word_1_343' title='bbox 405 2987 627 3045; x_wconf 86' lang='lat' dir='ltr'><strong>adducit</strong></span> <span class='ocrx_word' id='word_1_344' title='bbox 680 2990 734 3045; x_wconf 93' lang='lat' dir='ltr'><strong>in</strong></span> <span class='ocrx_word' id='word_1_345' title='bbox 792 3000 1140 3061; x_wconf 82' lang='lat' dir='ltr'><strong>conspectum</strong></span> <span class='ocrx_word' id='word_1_346' title='bbox 1200 2992 1390 3053; x_wconf 89' lang='lat' dir='ltr'><strong>altaris</strong></span> <span class='ocrx_word' id='word_1_347' title='bbox 1461 2996 1817 3069; x_wconf 83' lang='lat' dir='ltr'><strong>baptizatum,</strong></span> 
     </span>
    </p>
   </div>
   <div class='ocr_carea' id='block_1_9' title="bbox 1920 1892 3570 3058">
    <p class='ocr_par' dir='ltr' id='par_1_9' title="bbox 1920 1892 3570 3058">
     <span class='ocr_line' id='line_1_47' title="bbox 1929 1892 3501 1972; baseline 0.008 -28"><span class='ocrx_word' id='word_1_348' title='bbox 1929 1892 2128 1947; x_wconf 76' lang='grc' dir='ltr'>στάτου</span> <span class='ocrx_word' id='word_1_349' title='bbox 2156 1894 2442 1965; x_wconf 81' lang='grc' dir='ltr'>Θεότητος.</span> <span class='ocrx_word' id='word_1_350' title='bbox 2491 1896 2780 1967; x_wconf 79' lang='grc' dir='ltr'>Ὀμολογεί</span> <span class='ocrx_word' id='word_1_351' title='bbox 2807 1898 2863 1952; x_wconf 79' lang='grc' dir='ltr'><strong>δὲ</strong></span> <span class='ocrx_word' id='word_1_352' title='bbox 2888 1900 3046 1953; x_wconf 86' lang='grc' dir='ltr'>τοῦτο</span> <span class='ocrx_word' id='word_1_353' title='bbox 3077 1902 3353 1972; x_wconf 83' lang='grc' dir='ltr'>φανερῶς,</span> <span class='ocrx_word' id='word_1_354' title='bbox 3383 1902 3501 1957; x_wconf 67' lang='grc' dir='ltr'>ἐπεὶ</span> 
     </span>
     <span class='ocr_line' id='line_1_48' title="bbox 1926 1972 3570 2067; baseline 0.009 -33"><span class='ocrx_word' id='word_1_355' title='bbox 1926 1980 2027 2049; x_wconf 80' lang='grc' dir='ltr'><strong>τὴν</strong></span> <span class='ocrx_word' id='word_1_356' title='bbox 2046 1980 2309 2051; x_wconf 81' lang='grc' dir='ltr'>ἀλήθειαν</span> <span class='ocrx_word' id='word_1_357' title='bbox 2337 1985 2696 2052; x_wconf 75' lang='grc' dir='ltr'><strong>καταγγέλλει</strong></span> <span class='ocrx_word' id='word_1_358' title='bbox 2723 2001 2740 2018; x_wconf 88' lang='grc'><em>·</em></span> <span class='ocrx_word' id='word_1_359' title='bbox 2769 1972 2863 2040; x_wconf 55' lang='grc' dir='ltr'><strong>καλ</strong></span> <span class='ocrx_word' id='word_1_360' title='bbox 2891 1987 2970 2041; x_wconf 83' lang='grc' dir='ltr'><strong>ὅτι</strong></span> <span class='ocrx_word' id='word_1_361' title='bbox 2997 1988 3232 2043; x_wconf 75' lang='grc' dir='ltr'>ἐνώπιον</span> <span class='ocrx_word' id='word_1_362' title='bbox 3258 1990 3502 2059; x_wconf 74' lang='grc' dir='ltr'>ἀγγέλων</span> <span class='ocrx_word' id='word_1_363' title='bbox 3565 2063 3570 2067; x_wconf 28' lang='grc'><em>.</em></span> 
     </span>
     <span class='ocr_line' id='line_1_49' title="bbox 1924 2067 3496 2155; baseline 0.01 -32"><span class='ocrx_word' id='word_1_364' title='bbox 1924 2067 2007 2123; x_wconf 67' lang='lat' dir='ltr'><strong>est</strong></span> <span class='ocrx_word' id='word_1_365' title='bbox 2028 2070 2123 2124; x_wconf 75' lang='grc' dir='ltr'><strong>καὶ</strong></span> <span class='ocrx_word' id='word_1_366' title='bbox 2150 2072 2455 2142; x_wconf 86' lang='grc' dir='ltr'>ἀνθρώπων</span> <span class='ocrx_word' id='word_1_367' title='bbox 2480 2077 2682 2150; x_wconf 78' lang='grc' dir='ltr'>ταύτην</span> <span class='ocrx_word' id='word_1_368' title='bbox 2705 2080 3024 2149; x_wconf 77' lang='grc' dir='ltr'>κηρύσσειν,</span> <span class='ocrx_word' id='word_1_369' title='bbox 3052 2081 3123 2137; x_wconf 81' lang='grc' dir='ltr'><strong>δι’</strong></span> <span class='ocrx_word' id='word_1_370' title='bbox 3157 2076 3228 2155; x_wconf 75' lang='grc' dir='ltr'><strong>ἧς</strong></span> <span class='ocrx_word' id='word_1_371' title='bbox 3258 2085 3357 2137; x_wconf 76' lang='grc' dir='ltr'><strong>καὶ</strong></span> <span class='ocrx_word' id='word_1_372' title='bbox 3394 2100 3496 2139; x_wconf 80' lang='grc' dir='ltr'>σω·</span> 
     </span>
     <span class='ocr_line' id='line_1_50' title="bbox 1926 2162 3508 2248; baseline 0.009 -33"><span class='ocrx_word' id='word_1_373' title='bbox 1926 2162 2173 2235; x_wconf 75' lang='grc' dir='ltr'>θήσεται.</span> <span class='ocrx_word' id='word_1_374' title='bbox 2198 2166 2307 2218; x_wconf 78' lang='grc' dir='ltr'><strong>Καὶ</strong></span> <span class='ocrx_word' id='word_1_375' title='bbox 2344 2165 2435 2220; x_wconf 81' lang='grc' dir='ltr'><strong>τὸν</strong></span> <span class='ocrx_word' id='word_1_376' title='bbox 2460 2166 2595 2222; x_wconf 84' lang='grc' dir='ltr'>Θεὸν</span> <span class='ocrx_word' id='word_1_377' title='bbox 2620 2168 2729 2224; x_wconf 85' lang='grc' dir='ltr'><strong>τῶν</strong></span> <span class='ocrx_word' id='word_1_378' title='bbox 2757 2171 2898 2226; x_wconf 77' lang='grc' dir='ltr'>ὅλων</span> <span class='ocrx_word' id='word_1_379' title='bbox 2943 2175 3349 2244; x_wconf 75' lang='grc' dir='ltr'><strong>καταγγέλλειν</strong></span> <span class='ocrx_word' id='word_1_380' title='bbox 3397 2175 3508 2248; x_wconf 63' lang='grc' dir='ltr'>χρὴ</span> 
     </span>
     <span class='ocr_line' id='line_1_51' title="bbox 1926 2256 3514 2343; baseline 0.011 -36"><span class='ocrx_word' id='word_1_381' title='bbox 1926 2257 2235 2328; x_wconf 71' lang='grc' dir='ltr'>παρρησίᾳ,</span> <span class='ocrx_word' id='word_1_382' title='bbox 2277 2256 2376 2327; x_wconf 80' lang='grc' dir='ltr'><strong>τὴν</strong></span> <span class='ocrx_word' id='word_1_383' title='bbox 2407 2259 2696 2328; x_wconf 80' lang='grc' dir='ltr'>ὁμοούσιόν</span> <span class='ocrx_word' id='word_1_384' title='bbox 2724 2279 2869 2333; x_wconf 77' lang='grc' dir='ltr'>φημι</span> <span class='ocrx_word' id='word_1_385' title='bbox 2918 2264 3147 2335; x_wconf 83' lang='grc' dir='ltr'>Τριάδα,</span> <span class='ocrx_word' id='word_1_386' title='bbox 3197 2266 3293 2320; x_wconf 85' lang='grc' dir='ltr'><strong>τὸν</strong></span> <span class='ocrx_word' id='word_1_387' title='bbox 3346 2268 3514 2343; x_wconf 63' lang='grc' dir='ltr'>μόνον</span> 
     </span>
     <span class='ocr_line' id='line_1_52' title="bbox 1924 2345 3505 2425; baseline 0.009 -26"><span class='ocrx_word' id='word_1_388' title='bbox 1924 2345 2092 2409; x_wconf 77' lang='grc' dir='ltr'>ὅντως</span> <span class='ocrx_word' id='word_1_389' title='bbox 2115 2347 2244 2401; x_wconf 74' lang='grc' dir='ltr'>ὄντα</span> <span class='ocrx_word' id='word_1_390' title='bbox 2266 2348 2420 2414; x_wconf 85' lang='grc' dir='ltr'>Θεὸν,</span> <span class='ocrx_word' id='word_1_391' title='bbox 2442 2350 2582 2405; x_wconf 75' lang='grc' dir='ltr'><strong>ἀλλὰ</strong></span> <span class='ocrx_word' id='word_1_392' title='bbox 2613 2352 2822 2406; x_wconf 75' lang='grc' dir='ltr'>καὶτοῦ</span> <span class='ocrx_word' id='word_1_393' title='bbox 2858 2356 2978 2418; x_wconf 78' lang='grc' dir='ltr'>ἐνὸς</span> <span class='ocrx_word' id='word_1_394' title='bbox 3002 2356 3103 2424; x_wconf 82' lang='grc' dir='ltr'><strong>τῆς</strong></span> <span class='ocrx_word' id='word_1_395' title='bbox 3139 2357 3379 2425; x_wconf 81' lang='grc' dir='ltr'>Τριάδος</span> <span class='ocrx_word' id='word_1_396' title='bbox 3404 2358 3505 2414; x_wconf 69' lang='grc' dir='ltr'><strong>τοῦ</strong></span> 
     </span>
     <span class='ocr_line' id='line_1_53' title="bbox 1923 2436 3504 2521; baseline 0.01 -30"><span class='ocrx_word' id='word_1_397' title='bbox 1923 2436 2060 2492; x_wconf 80' lang='grc' dir='ltr'>Θεοῦ</span> <span class='ocrx_word' id='word_1_398' title='bbox 2089 2441 2268 2507; x_wconf 83' lang='grc' dir='ltr'>Λόγου</span> <span class='ocrx_word' id='word_1_399' title='bbox 2291 2442 2389 2512; x_wconf 79' lang='grc' dir='ltr'><strong>τὴν</strong></span> <span class='ocrx_word' id='word_1_400' title='bbox 2415 2442 2555 2513; x_wconf 76' lang='grc' dir='ltr'>ὑπὲρ</span> <span class='ocrx_word' id='word_1_401' title='bbox 2580 2444 2738 2512; x_wconf 66' lang='grc' dir='ltr'>ἡμῶν</span> <span class='ocrx_word' id='word_1_402' title='bbox 2770 2446 2835 2499; x_wconf 80' lang='grc' dir='ltr'>ἐκ</span> <span class='ocrx_word' id='word_1_403' title='bbox 2886 2447 3168 2514; x_wconf 80' lang='grc' dir='ltr'><strong>Παρθένου</strong></span> <span class='ocrx_word' id='word_1_404' title='bbox 3201 2449 3504 2521; x_wconf 79' lang='grc' dir='ltr'>σάρκωσιν.</span> 
     </span>
     <span class='ocr_line' id='line_1_54' title="bbox 1925 2524 3502 2608; baseline 0.01 -29"><span class='ocrx_word' id='word_1_405' title='bbox 1925 2525 2097 2580; x_wconf 87' lang='grc' dir='ltr'>Τοῦτο</span> <span class='ocrx_word' id='word_1_406' title='bbox 2123 2524 2217 2582; x_wconf 74' lang='grc' dir='ltr'><strong>οὖν</strong></span> <span class='ocrx_word' id='word_1_407' title='bbox 2247 2532 2621 2600; x_wconf 78' lang='grc' dir='ltr'>ποιησαμένου</span> <span class='ocrx_word' id='word_1_408' title='bbox 2647 2534 2788 2604; x_wconf 74' lang='grc' dir='ltr'>τρὶς,</span> <span class='ocrx_word' id='word_1_409' title='bbox 2822 2537 2916 2588; x_wconf 73' lang='grc' dir='ltr'><strong>καὶ</strong></span> <span class='ocrx_word' id='word_1_410' title='bbox 2950 2535 3325 2608; x_wconf 66' lang='grc' dir='ltr'>ἐρωτηθέντος</span> <span class='ocrx_word' id='word_1_411' title='bbox 3348 2538 3502 2603; x_wconf 77' lang='grc' dir='ltr'>αὖθις</span> 
     </span>
     <span class='ocr_line' id='line_1_55' title="bbox 1921 2615 3501 2696; baseline 0.009 -28"><span class='ocrx_word' id='word_1_412' title='bbox 1921 2615 2063 2689; x_wconf 74' lang='grc' dir='ltr'>τρὶς,</span> <span class='ocrx_word' id='word_1_413' title='bbox 2101 2636 2122 2671; x_wconf 81' lang='grc' dir='ltr'><strong>ι</strong></span> <span class='ocrx_word' id='word_1_414' title='bbox 2166 2620 2449 2687; x_wconf 81' lang='grc' dir='ltr'>Συνετάξω</span> <span class='ocrx_word' id='word_1_415' title='bbox 2488 2621 2567 2692; x_wconf 83' lang='grc' dir='ltr'><strong>τῷ</strong></span> <span class='ocrx_word' id='word_1_416' title='bbox 2622 2623 2879 2695; x_wconf 84' lang='grc' dir='ltr'>Χριστῷ;</span> <span class='ocrx_word' id='word_1_417' title='bbox 2908 2643 2928 2677; x_wconf 76' lang='lat' dir='ltr'><strong>r</strong></span> <span class='ocrx_word' id='word_1_418' title='bbox 2967 2625 3065 2680; x_wconf 69' lang='grc' dir='ltr'><strong>καὶ</strong></span> <span class='ocrx_word' id='word_1_419' title='bbox 3111 2626 3501 2696; x_wconf 78' lang='grc' dir='ltr'>ἀποκριθέντος</span> 
     </span>
     <span class='ocr_line' id='line_1_56' title="bbox 1922 2710 3501 2787; baseline 0.008 -27"><span class='ocrx_word' id='word_1_420' title='bbox 1922 2710 2042 2779; x_wconf 74' lang='grc' dir='ltr'>τρὶς</span> <span class='ocrx_word' id='word_1_421' title='bbox 2073 2710 2137 2764; x_wconf 75' lang='grc' dir='ltr'>ἐκ</span> <span class='ocrx_word' id='word_1_422' title='bbox 2158 2710 2407 2781; x_wconf 78' lang='grc' dir='ltr'><strong>καρδίας,</strong></span> <span class='ocrx_word' id='word_1_423' title='bbox 2442 2714 2539 2766; x_wconf 76' lang='grc' dir='ltr'><strong>καὶ</strong></span> <span class='ocrx_word' id='word_1_424' title='bbox 2561 2714 2868 2785; x_wconf 83' lang='grc' dir='ltr'>είρηκότος,</span> <span class='ocrx_word' id='word_1_425' title='bbox 2905 2733 2926 2768; x_wconf 80' lang='grc' dir='ltr'><strong>ι</strong></span> <span class='ocrx_word' id='word_1_426' title='bbox 2968 2715 3358 2787; x_wconf 78' lang='grc' dir='ltr'>Συνεταξάμην</span> <span class='ocrx_word' id='word_1_427' title='bbox 3401 2720 3501 2772; x_wconf 76' lang='grc' dir='ltr'>αὖ·</span> 
     </span>
     <span class='ocr_line' id='line_1_57' title="bbox 1920 2800 3499 2876; baseline 0.004 -21"><span class='ocrx_word' id='word_1_428' title='bbox 1920 2800 2017 2873; x_wconf 82' lang='grc' dir='ltr'><strong>τῷ,</strong></span> <span class='ocrx_word' id='word_1_429' title='bbox 2064 2820 2083 2855; x_wconf 78' lang='grc' dir='ltr'><strong>ι</strong></span> <span class='ocrx_word' id='word_1_430' title='bbox 2116 2803 2145 2856; x_wconf 86' lang='grc' dir='ltr'><strong>ὀ</strong></span> <span class='ocrx_word' id='word_1_431' title='bbox 2170 2802 2461 2874; x_wconf 81' lang='grc' dir='ltr'>ἀρχιερεύς</span> <span class='ocrx_word' id='word_1_432' title='bbox 2492 2820 2648 2876; x_wconf 79' lang='grc' dir='ltr'>φησι,</span> <span class='ocrx_word' id='word_1_433' title='bbox 2680 2822 2701 2857; x_wconf 80' lang='grc' dir='ltr'><strong>ι</strong></span> <span class='ocrx_word' id='word_1_434' title='bbox 2735 2806 2842 2859; x_wconf 81' lang='grc' dir='ltr'><strong>Καὶ</strong></span> <span class='ocrx_word' id='word_1_435' title='bbox 2872 2804 3256 2875; x_wconf 80' lang='grc' dir='ltr'>προσκύνησον</span> <span class='ocrx_word' id='word_1_436' title='bbox 3278 2805 3448 2876; x_wconf 74' lang='grc' dir='ltr'>αὐτῷ,</span> <span class='ocrx_word' id='word_1_437' title='bbox 3472 2824 3499 2861; x_wconf 73' lang='grc' dir='ltr'>ι</span> 
     </span>
     <span class='ocr_line' id='line_1_58' title="bbox 1921 2894 3498 2967; baseline 0.004 -23"><span class='ocrx_word' id='word_1_438' title='bbox 1921 2894 2015 2945; x_wconf 74' lang='grc' dir='ltr'><strong>καὶ</strong></span> <span class='ocrx_word' id='word_1_439' title='bbox 2040 2894 2486 2964; x_wconf 71' lang='grc' dir='ltr'>σφραγισαμένου</span> <span class='ocrx_word' id='word_1_440' title='bbox 2518 2894 2739 2963; x_wconf 83' lang='grc' dir='ltr'>σταυρῷ</span> <span class='ocrx_word' id='word_1_441' title='bbox 2788 2895 2878 2949; x_wconf 70' lang='grc' dir='ltr'><strong>διὰ</strong></span> <span class='ocrx_word' id='word_1_442' title='bbox 2908 2894 3005 2965; x_wconf 82' lang='grc' dir='ltr'><strong>τῆς</strong></span> <span class='ocrx_word' id='word_1_443' title='bbox 3069 2895 3255 2967; x_wconf 77' lang='grc' dir='ltr'>χειρὸς</span> <span class='ocrx_word' id='word_1_444' title='bbox 3308 2898 3498 2966; x_wconf 77' lang='grc' dir='ltr'>αὐτοῦ,</span> 
     </span>
     <span class='ocr_line' id='line_1_59' title="bbox 1920 2983 3499 3058; baseline 0.003 -21"><span class='ocrx_word' id='word_1_445' title='bbox 1920 2983 1949 3037; x_wconf 81' lang='grc' dir='ltr'><strong>ὃ</strong></span> <span class='ocrx_word' id='word_1_446' title='bbox 1983 2983 2085 3055; x_wconf 68' lang='grc' dir='ltr'><strong>τὴν</strong></span> <span class='ocrx_word' id='word_1_447' title='bbox 2106 2984 2199 3038; x_wconf 75' lang='grc' dir='ltr'><strong>τοῦ</strong></span> <span class='ocrx_word' id='word_1_448' title='bbox 2224 2983 2463 3056; x_wconf 82' lang='grc' dir='ltr'>Χριστοῦ</span> <span class='ocrx_word' id='word_1_449' title='bbox 2505 2984 2797 3053; x_wconf 73' lang='grc' dir='ltr'><strong>ὁμολογίαν</strong></span> <span class='ocrx_word' id='word_1_450' title='bbox 2842 2984 2993 3056; x_wconf 74' lang='grc' dir='ltr'>δηλοῖ</span> <span class='ocrx_word' id='word_1_451' title='bbox 3029 2986 3126 3040; x_wconf 77' lang='grc' dir='ltr'><strong>καὶ</strong></span> <span class='ocrx_word' id='word_1_452' title='bbox 3176 2986 3499 3058; x_wconf 74' lang='grc' dir='ltr'><strong>σημείωσιν,</strong></span> 
     </span>
    </p>
   </div>
   <div class='ocr_carea' id='block_1_10' title="bbox 249 3063 3505 3188">
    <p class='ocr_par' dir='ltr' id='par_1_10' title="bbox 249 3063 3505 3188">
     <span class='ocr_line' id='line_1_60' title="bbox 249 3063 3505 3188; baseline 0.006 -56"><span class='ocrx_word' id='word_1_453' title='bbox 249 3079 495 3136; x_wconf 71' lang='lat' dir='ltr'><strong>indicans</strong></span> <span class='ocrx_word' id='word_1_454' title='bbox 555 3096 615 3137; x_wconf 87' lang='lat' dir='ltr'><strong>se</strong></span> <span class='ocrx_word' id='word_1_455' title='bbox 663 3096 789 3165; x_wconf 83' lang='lat' dir='ltr'><strong>eum</strong></span> <span class='ocrx_word' id='word_1_456' title='bbox 836 3080 1071 3148; x_wconf 72' lang='lat' dir='ltr'><strong>offerre;</strong></span> <span class='ocrx_word' id='word_1_457' title='bbox 1118 3083 1276 3150; x_wconf 76' lang='lat' dir='ltr'><strong>iubet</strong></span> <span class='ocrx_word' id='word_1_458' title='bbox 1327 3089 1494 3143; x_wconf 84' lang='lat' dir='ltr'><strong>etiam</strong></span> <span class='ocrx_word' id='word_1_459' title='bbox 1556 3090 1706 3146; x_wconf 89' lang='lat' dir='ltr'><strong>illum</strong></span> <span class='ocrx_word' id='word_1_460' title='bbox 1730 3099 1814 3148; x_wconf 88' lang='lat' dir='ltr'><strong>ter</strong></span> <span class='ocrx_word' id='word_1_461' title='bbox 1837 3063 1886 3188; x_wconf 39' lang='lat' dir='ltr'><strong>C·</strong></span> <span class='ocrx_word' id='word_1_462' title='bbox 1921 3079 2017 3154; x_wconf 56' lang='grc' dir='ltr'><strong>*αἱ</strong></span> <span class='ocrx_word' id='word_1_463' title='bbox 2062 3079 2544 3148; x_wconf 53' lang='grc' dir='ltr'>προσκυνήσαντος</span> <span class='ocrx_word' id='word_1_464' title='bbox 2592 3078 2733 3145; x_wconf 59' lang='lat'><strong>⁴³9¹&lt;-</strong></span> <span class='ocrx_word' id='word_1_465' title='bbox 2783 3077 3193 3147; x_wconf 62' lang='grc' dir='ltr'>ἕνδεῑκνυμένοῡ</span> <span class='ocrx_word' id='word_1_466' title='bbox 3247 3077 3353 3151; x_wconf 67' lang='lat'><strong>‘⁸⁴1⁹</strong></span> <span class='ocrx_word' id='word_1_467' title='bbox 3385 3070 3505 3135; x_wconf 55' lang='grc' dir='ltr'><strong>δω-</strong></span> 
     </span>
    </p>
   </div>
   <div class='ocr_carea' id='block_1_11' title="bbox 201 3171 1819 4430">
    <p class='ocr_par' dir='ltr' id='par_1_11' title="bbox 201 3171 1819 4430">
     <span class='ocr_line' id='line_1_61' title="bbox 253 3171 1819 3254; baseline 0.007 -27"><span class='ocrx_word' id='word_1_468' title='bbox 253 3171 422 3228; x_wconf 88' lang='lat' dir='ltr'><strong>Deum</strong></span> <span class='ocrx_word' id='word_1_469' title='bbox 476 3173 723 3236; x_wconf 88' lang='lat' dir='ltr'><strong>adorare,</strong></span> <span class='ocrx_word' id='word_1_470' title='bbox 749 3174 1010 3245; x_wconf 86' lang='lat' dir='ltr'><strong>quoniam</strong></span> <span class='ocrx_word' id='word_1_471' title='bbox 1047 3175 1101 3230; x_wconf 93' lang='lat' dir='ltr'><strong>in</strong></span> <span class='ocrx_word' id='word_1_472' title='bbox 1131 3177 1364 3247; x_wconf 76' lang='lat' dir='ltr'><strong>gratiam</strong></span> <span class='ocrx_word' id='word_1_473' title='bbox 1396 3178 1485 3234; x_wconf 89' lang='lat' dir='ltr'><strong>Dei</strong></span> <span class='ocrx_word' id='word_1_474' title='bbox 1525 3180 1685 3239; x_wconf 87' lang='lat' dir='ltr'><strong>rediit</strong></span> <span class='ocrx_word' id='word_1_475' title='bbox 1720 3200 1819 3254; x_wconf 77' lang='lat' dir='ltr'><strong>per·¹</strong></span> 
     </span>
     <span class='ocr_line' id='line_1_62' title="bbox 251 3265 1814 3342; baseline 0.006 -24"><span class='ocrx_word' id='word_1_476' title='bbox 251 3265 661 3322; x_wconf 79' lang='lat' dir='ltr'><strong>conversionem</strong></span> <span class='ocrx_word' id='word_1_477' title='bbox 683 3265 1142 3336; x_wconf 73' lang='lat' dir='ltr'><strong>quemadmodum</strong></span> <span class='ocrx_word' id='word_1_478' title='bbox 1165 3268 1259 3325; x_wconf 91' lang='lat' dir='ltr'><strong>ille</strong></span> <span class='ocrx_word' id='word_1_479' title='bbox 1287 3270 1577 3342; x_wconf 83' lang='lat' dir='ltr'><strong>prodigus.</strong></span> <span class='ocrx_word' id='word_1_480' title='bbox 1603 3287 1814 3328; x_wconf 78' lang='lat' dir='ltr'><strong>necnon</strong></span> 
     </span>
     <span class='ocr_line' id='line_1_63' title="bbox 201 3351 1813 3429; baseline 0.009 -24"><span class='ocrx_word' id='word_1_481' title='bbox 201 3362 206 3367; x_wconf 88' lang='grc'>·</span> <span class='ocrx_word' id='word_1_482' title='bbox 253 3351 320 3406; x_wconf 85' lang='lat' dir='ltr'><strong>ad</strong></span> <span class='ocrx_word' id='word_1_483' title='bbox 349 3351 666 3423; x_wconf 76' lang='lat' dir='ltr'><strong>dignitatem</strong></span> <span class='ocrx_word' id='word_1_484' title='bbox 704 3355 798 3410; x_wconf 87' lang='lat' dir='ltr'><strong>sslii</strong></span> <span class='ocrx_word' id='word_1_485' title='bbox 828 3362 884 3410; x_wconf 87' lang='lat' dir='ltr'><strong>et</strong></span> <span class='ocrx_word' id='word_1_486' title='bbox 934 3356 1002 3410; x_wconf 90' lang='lat' dir='ltr'><strong>ad</strong></span> <span class='ocrx_word' id='word_1_487' title='bbox 1034 3357 1529 3426; x_wconf 85' lang='lat' dir='ltr'><strong>incorruptionem,</strong></span> <span class='ocrx_word' id='word_1_488' title='bbox 1582 3361 1813 3429; x_wconf 87' lang='lat' dir='ltr'><strong>primam</strong></span> 
     </span>
     <span class='ocr_line' id='line_1_64' title="bbox 255 3442 1816 3517; baseline 0.008 -21"><span class='ocrx_word' id='word_1_489' title='bbox 255 3442 494 3514; x_wconf 84' lang='lat' dir='ltr'><strong>Spiritus</strong></span> <span class='ocrx_word' id='word_1_490' title='bbox 520 3445 742 3513; x_wconf 87' lang='lat' dir='ltr'><strong>stolam,</strong></span> <span class='ocrx_word' id='word_1_491' title='bbox 770 3461 880 3517; x_wconf 82' lang='lat' dir='ltr'><strong>quo</strong></span> <span class='ocrx_word' id='word_1_492' title='bbox 923 3448 1165 3503; x_wconf 90' lang='lat' dir='ltr'><strong>nondum</strong></span> <span class='ocrx_word' id='word_1_493' title='bbox 1200 3449 1395 3504; x_wconf 87' lang='lat' dir='ltr'><strong>melius</strong></span> <span class='ocrx_word' id='word_1_494' title='bbox 1431 3457 1486 3506; x_wconf 87' lang='lat' dir='ltr'><strong>et</strong></span> <span class='ocrx_word' id='word_1_495' title='bbox 1538 3454 1816 3509; x_wconf 78' lang='lat' dir='ltr'><strong>excellen-</strong></span> 
     </span>
     <span class='ocr_line' id='line_1_65' title="bbox 256 3534 1814 3611; baseline 0.008 -23"><span class='ocrx_word' id='word_1_496' title='bbox 256 3534 364 3591; x_wconf 75' lang='lat' dir='ltr'><strong>tin&#39;s</strong></span> <span class='ocrx_word' id='word_1_497' title='bbox 412 3537 677 3605; x_wconf 81' lang='lat' dir='ltr'><strong>pervenit,</strong></span> <span class='ocrx_word' id='word_1_498' title='bbox 704 3552 801 3608; x_wconf 91' lang='lat' dir='ltr'><strong>per</strong></span> <span class='ocrx_word' id='word_1_499' title='bbox 846 3537 1090 3594; x_wconf 85' lang='lat' dir='ltr'><strong>divinum</strong></span> <span class='ocrx_word' id='word_1_500' title='bbox 1115 3538 1406 3611; x_wconf 88' lang='lat' dir='ltr'><strong>baptisma.</strong></span> <span class='ocrx_word' id='word_1_501' title='bbox 1443 3539 1551 3597; x_wconf 86' lang='lat' dir='ltr'><strong>Sed</strong></span> <span class='ocrx_word' id='word_1_502' title='bbox 1584 3554 1642 3599; x_wconf 90' lang='lat' dir='ltr'><strong>ut</strong></span> <span class='ocrx_word' id='word_1_503' title='bbox 1665 3554 1814 3601; x_wconf 88' lang='lat' dir='ltr'><strong>certa</strong></span> 
     </span>
     <span class='ocr_line' id='line_1_66' title="bbox 254 3609 1817 3703; baseline 0.009 -23"><span class='ocrx_word' id='word_1_504' title='bbox 254 3624 326 3680; x_wconf 90' lang='lat' dir='ltr'><strong>sit</strong></span> <span class='ocrx_word' id='word_1_505' title='bbox 344 3609 632 3682; x_wconf 65' lang='lat' dir='ltr'><strong>conversio</strong></span> <span class='ocrx_word' id='word_1_506' title='bbox 649 3636 705 3684; x_wconf 91' lang='lat' dir='ltr'><strong>et</strong></span> <span class='ocrx_word' id='word_1_507' title='bbox 732 3627 1029 3689; x_wconf 69' lang='lat' dir='ltr'><strong>contessio.</strong></span> <span class='ocrx_word' id='word_1_508' title='bbox 1061 3644 1382 3699; x_wconf 84' lang='lat' dir='ltr'><strong>sponsorem</strong></span> <span class='ocrx_word' id='word_1_509' title='bbox 1414 3647 1633 3703; x_wconf 82' lang='lat' dir='ltr'><strong>qnoque</strong></span> <span class='ocrx_word' id='word_1_510' title='bbox 1659 3647 1817 3694; x_wconf 76' lang='lat' dir='ltr'><strong>vorat</strong></span> 
     </span>
     <span class='ocr_line' id='line_1_67' title="bbox 252 3719 1816 3795; baseline 0.007 -21"><span class='ocrx_word' id='word_1_511' title='bbox 252 3720 514 3792; x_wconf 77' lang='lat' dir='ltr'><strong>pontifex,</strong></span> <span class='ocrx_word' id='word_1_512' title='bbox 539 3736 698 3790; x_wconf 84' lang='lat' dir='ltr'><strong>quem</strong></span> <span class='ocrx_word' id='word_1_513' title='bbox 731 3719 881 3792; x_wconf 78' lang='lat' dir='ltr'><strong>jubet</strong></span> <span class='ocrx_word' id='word_1_514' title='bbox 937 3729 1023 3779; x_wconf 89' lang='lat' dir='ltr'><strong>tet·</strong></span> <span class='ocrx_word' id='word_1_515' title='bbox 1050 3724 1221 3779; x_wconf 88' lang='lat' dir='ltr'><strong>altare</strong></span> <span class='ocrx_word' id='word_1_516' title='bbox 1248 3724 1477 3780; x_wconf 88' lang='lat' dir='ltr'><strong>adorare</strong></span> <span class='ocrx_word' id='word_1_517' title='bbox 1507 3726 1561 3781; x_wconf 92' lang='lat' dir='ltr'><strong>in</strong></span> <span class='ocrx_word' id='word_1_518' title='bbox 1593 3719 1699 3795; x_wconf 70' lang='lat' dir='ltr'><strong>nno</strong></span> <span class='ocrx_word' id='word_1_519' title='bbox 1723 3729 1816 3785; x_wconf 77' lang='lat' dir='ltr'><strong>lia-</strong></span> 
     </span>
     <span class='ocr_line' id='line_1_68' title="bbox 255 3809 1817 3876; baseline 0.005 -12"><span class='ocrx_word' id='word_1_520' title='bbox 255 3810 389 3867; x_wconf 67' lang='lat' dir='ltr'><strong>tiitat</strong></span> <span class='ocrx_word' id='word_1_521' title='bbox 405 3809 569 3876; x_wconf 85' lang='lat' dir='ltr'><strong>Deus,</strong></span> <span class='ocrx_word' id='word_1_522' title='bbox 592 3810 718 3867; x_wconf 90' lang='lat' dir='ltr'><strong>hinc</strong></span> <span class='ocrx_word' id='word_1_523' title='bbox 737 3812 1121 3868; x_wconf 86' lang='lat' dir='ltr'><strong>demonstrans</strong></span> <span class='ocrx_word' id='word_1_524' title='bbox 1140 3827 1201 3868; x_wconf 87' lang='lat' dir='ltr'><strong>se</strong></span> <span class='ocrx_word' id='word_1_525' title='bbox 1225 3811 1384 3868; x_wconf 85' lang='lat' dir='ltr'><strong>tidem</strong></span> <span class='ocrx_word' id='word_1_526' title='bbox 1406 3813 1538 3870; x_wconf 89' lang='lat' dir='ltr'><strong>dare</strong></span> <span class='ocrx_word' id='word_1_527' title='bbox 1569 3823 1681 3870; x_wconf 89' lang='lat' dir='ltr'><strong>tute</strong></span> <span class='ocrx_word' id='word_1_528' title='bbox 1703 3833 1817 3872; x_wconf 88' lang='lat' dir='ltr'><strong>ser·</strong></span> 
     </span>
     <span class='ocr_line' id='line_1_69' title="bbox 250 3902 1812 3977; baseline 0.005 -20"><span class='ocrx_word' id='word_1_529' title='bbox 250 3902 409 3957; x_wconf 78' lang='lat' dir='ltr'><strong>vandi</strong></span> <span class='ocrx_word' id='word_1_530' title='bbox 460 3902 512 3957; x_wconf 92' lang='lat' dir='ltr'><strong>in</strong></span> <span class='ocrx_word' id='word_1_531' title='bbox 573 3902 678 3957; x_wconf 81' lang='lat' dir='ltr'><strong>ilde</strong></span> <span class='ocrx_word' id='word_1_532' title='bbox 724 3902 920 3972; x_wconf 84' lang='lat' dir='ltr'><strong>piaque</strong></span> <span class='ocrx_word' id='word_1_533' title='bbox 973 3902 1387 3960; x_wconf 82' lang='lat' dir='ltr'><strong>conversatione</strong></span> <span class='ocrx_word' id='word_1_534' title='bbox 1455 3905 1812 3977; x_wconf 77' lang='lat' dir='ltr'><strong>baptizatum.</strong></span> 
     </span>
     <span class='ocr_line' id='line_1_70' title="bbox 253 3991 1816 4065; baseline 0.004 -19"><span class='ocrx_word' id='word_1_535' title='bbox 253 3993 382 4048; x_wconf 76' lang='lat' dir='ltr'><strong>Dein</strong></span> <span class='ocrx_word' id='word_1_536' title='bbox 407 3993 452 4049; x_wconf 90' lang='lat' dir='ltr'><strong>si</strong></span> <span class='ocrx_word' id='word_1_537' title='bbox 483 3992 663 4049; x_wconf 81' lang='lat' dir='ltr'><strong>infans</strong></span> <span class='ocrx_word' id='word_1_538' title='bbox 686 3993 900 4062; x_wconf 89' lang='lat' dir='ltr'><strong>quidem</strong></span> <span class='ocrx_word' id='word_1_539' title='bbox 932 3991 1096 4049; x_wconf 75' lang='lat' dir='ltr'><strong>suerit</strong></span> <span class='ocrx_word' id='word_1_540' title='bbox 1152 3992 1543 4065; x_wconf 84' lang='lat' dir='ltr'><strong>baptizandus,</strong></span> <span class='ocrx_word' id='word_1_541' title='bbox 1583 3997 1816 4053; x_wconf 90' lang='lat' dir='ltr'><strong>inclina-</strong></span> 
     </span>
     <span class='ocr_line' id='line_1_71' title="bbox 252 4084 1815 4159; baseline 0.004 -21"><span class='ocrx_word' id='word_1_542' title='bbox 252 4094 341 4139; x_wconf 88' lang='lat' dir='ltr'><strong>tns</strong></span> <span class='ocrx_word' id='word_1_543' title='bbox 365 4085 512 4137; x_wconf 89' lang='lat' dir='ltr'><strong>hunc</strong></span> <span class='ocrx_word' id='word_1_544' title='bbox 540 4084 766 4154; x_wconf 87' lang='lat' dir='ltr'><strong>suscipit</strong></span> <span class='ocrx_word' id='word_1_545' title='bbox 795 4101 1026 4155; x_wconf 86' lang='lat' dir='ltr'><strong>sponsor</strong></span> <span class='ocrx_word' id='word_1_546' title='bbox 1065 4100 1251 4142; x_wconf 88' lang='lat' dir='ltr'><strong>coram</strong></span> <span class='ocrx_word' id='word_1_547' title='bbox 1297 4087 1469 4143; x_wconf 85' lang='lat' dir='ltr'><strong>sacris</strong></span> <span class='ocrx_word' id='word_1_548' title='bbox 1496 4087 1708 4145; x_wconf 72' lang='lat' dir='ltr'><strong>loribus</strong></span> <span class='ocrx_word' id='word_1_549' title='bbox 1730 4090 1815 4159; x_wconf 81' lang='lat' dir='ltr'><strong>J‘a-</strong></span> 
     </span>
     <span class='ocr_line' id='line_1_72' title="bbox 251 4174 1815 4239; baseline 0.005 -9"><span class='ocrx_word' id='word_1_550' title='bbox 251 4184 489 4239; x_wconf 85' lang='lat' dir='ltr'><strong>centem,</strong></span> <span class='ocrx_word' id='word_1_551' title='bbox 516 4174 666 4233; x_wconf 76' lang='lat' dir='ltr'><strong>velut</strong></span> <span class='ocrx_word' id='word_1_552' title='bbox 715 4193 747 4232; x_wconf 90' lang='lat' dir='ltr'><strong>e</strong></span> <span class='ocrx_word' id='word_1_553' title='bbox 797 4178 1048 4235; x_wconf 84' lang='lat' dir='ltr'><strong>manibus</strong></span> <span class='ocrx_word' id='word_1_554' title='bbox 1076 4179 1300 4235; x_wconf 86' lang='lat' dir='ltr'><strong>Christi.</strong></span> <span class='ocrx_word' id='word_1_555' title='bbox 1347 4178 1403 4235; x_wconf 85' lang='lat' dir='ltr'><strong>Si</strong></span> <span class='ocrx_word' id='word_1_556' title='bbox 1437 4195 1564 4236; x_wconf 84' lang='lat' dir='ltr'><strong>vero</strong></span> <span class='ocrx_word' id='word_1_557' title='bbox 1601 4191 1815 4238; x_wconf 82' lang='lat' dir='ltr'><strong>aetatent</strong></span> 
     </span>
     <span class='ocr_line' id='line_1_73' title="bbox 255 4264 1809 4340; baseline 0.008 -24"><span class='ocrx_word' id='word_1_558' title='bbox 255 4265 432 4329; x_wconf 85' lang='lat' dir='ltr'><strong>habet,</strong></span> <span class='ocrx_word' id='word_1_559' title='bbox 463 4264 791 4335; x_wconf 82' lang='lat' dir='ltr'><strong>baptizatum</strong></span> <span class='ocrx_word' id='word_1_560' title='bbox 814 4283 843 4320; x_wconf 93' lang='lat' dir='ltr'><strong>e</strong></span> <span class='ocrx_word' id='word_1_561' title='bbox 865 4282 1028 4320; x_wconf 86' lang='lat' dir='ltr'><strong>manu</strong></span> <span class='ocrx_word' id='word_1_562' title='bbox 1056 4267 1272 4334; x_wconf 88' lang='lat' dir='ltr'><strong>accipit,</strong></span> <span class='ocrx_word' id='word_1_563' title='bbox 1299 4267 1442 4324; x_wconf 86' lang='lat' dir='ltr'><strong>idem</strong></span> <span class='ocrx_word' id='word_1_564' title='bbox 1472 4269 1809 4340; x_wconf 77' lang='lat' dir='ltr'><strong>significans,</strong></span> 
     </span>
     <span class='ocr_line' id='line_1_74' title="bbox 254 4355 1814 4430; baseline 0.007 -24"><span class='ocrx_word' id='word_1_565' title='bbox 254 4369 444 4425; x_wconf 82' lang='lat' dir='ltr'><strong>nempe</strong></span> <span class='ocrx_word' id='word_1_566' title='bbox 471 4371 529 4411; x_wconf 89' lang='lat' dir='ltr'><strong>se</strong></span> <span class='ocrx_word' id='word_1_567' title='bbox 557 4370 681 4412; x_wconf 91' lang='lat' dir='ltr'><strong>eum</strong></span> <span class='ocrx_word' id='word_1_568' title='bbox 727 4369 758 4411; x_wconf 87' lang='lat' dir='ltr'><strong>a</strong></span> <span class='ocrx_word' id='word_1_569' title='bbox 798 4355 1016 4411; x_wconf 84' lang='lat' dir='ltr'><strong>Christo</strong></span> <span class='ocrx_word' id='word_1_570' title='bbox 1046 4357 1344 4426; x_wconf 83' lang='lat' dir='ltr'><strong>suscipere,</strong></span> <span class='ocrx_word' id='word_1_571' title='bbox 1384 4366 1442 4414; x_wconf 86' lang='lat' dir='ltr'><strong>et</strong></span> <span class='ocrx_word' id='word_1_572' title='bbox 1481 4359 1629 4427; x_wconf 84' lang='lat' dir='ltr'><strong>quod</strong></span> <span class='ocrx_word' id='word_1_573' title='bbox 1678 4376 1814 4430; x_wconf 81' lang='lat' dir='ltr'><strong>praes</strong></span> 
     </span>
    </p>
   </div>
   <div class='ocr_carea' id='block_1_12' title="bbox 1914 3166 3509 4426">
    <p class='ocr_par' dir='ltr' id='par_1_12' title="bbox 1914 3166 3509 4426">
     <span class='ocr_line' id='line_1_75' title="bbox 1915 3166 3492 3243; baseline 0.004 -25"><span class='ocrx_word' id='word_1_574' title='bbox 1915 3166 2085 3231; x_wconf 69' lang='grc' dir='ltr'>λείαν,</span> <span class='ocrx_word' id='word_1_575' title='bbox 2109 3166 2207 3220; x_wconf 77' lang='grc' dir='ltr'><strong>καὶ</strong></span> <span class='ocrx_word' id='word_1_576' title='bbox 2234 3166 2333 3237; x_wconf 77' lang='grc' dir='ltr'><strong>τὴν</strong></span> <span class='ocrx_word' id='word_1_577' title='bbox 2360 3166 2540 3238; x_wconf 84' lang='grc' dir='ltr'>ἀληθῆ</span> <span class='ocrx_word' id='word_1_578' title='bbox 2570 3169 2708 3236; x_wconf 71' lang='grc' dir='ltr'>μετὰ</span> <span class='ocrx_word' id='word_1_579' title='bbox 2738 3167 2839 3236; x_wconf 80' lang='grc' dir='ltr'><strong>τῆς</strong></span> <span class='ocrx_word' id='word_1_580' title='bbox 2858 3167 3155 3236; x_wconf 81' lang='grc' dir='ltr'><strong>ὁμολογίας</strong></span> <span class='ocrx_word' id='word_1_581' title='bbox 3184 3169 3492 3243; x_wconf 68' lang='grc' dir='ltr'>ὑποταγὴν,</span> 
     </span>
     <span class='ocr_line' id='line_1_76' title="bbox 1919 3257 3494 3331; baseline 0.005 -21"><span class='ocrx_word' id='word_1_582' title='bbox 1919 3257 2213 3328; x_wconf 78' lang='grc' dir='ltr'>στρέφεται</span> <span class='ocrx_word' id='word_1_583' title='bbox 2247 3258 2387 3330; x_wconf 84' lang='grc' dir='ltr'>πρὸς</span> <span class='ocrx_word' id='word_1_584' title='bbox 2417 3259 2701 3327; x_wconf 77' lang='grc' dir='ltr'>ἀνατολὰς,</span> <span class='ocrx_word' id='word_1_585' title='bbox 2737 3261 2835 3314; x_wconf 75' lang='grc' dir='ltr'><strong>καὶ</strong></span> <span class='ocrx_word' id='word_1_586' title='bbox 2866 3261 3081 3331; x_wconf 78' lang='grc' dir='ltr'>εὖλογεῐ</span> <span class='ocrx_word' id='word_1_587' title='bbox 3138 3261 3234 3316; x_wconf 80' lang='grc' dir='ltr'><strong>τὸν</strong></span> <span class='ocrx_word' id='word_1_588' title='bbox 3291 3261 3429 3318; x_wconf 69' lang='grc' dir='ltr'>Θεὸν</span> <span class='ocrx_word' id='word_1_589' title='bbox 3462 3263 3494 3317; x_wconf 79' lang='grc' dir='ltr'>δ</span> 
     </span>
     <span class='ocr_line' id='line_1_77' title="bbox 1918 3348 3502 3426; baseline 0.004 -24"><span class='ocrx_word' id='word_1_590' title='bbox 1918 3348 2208 3419; x_wconf 77' lang='grc' dir='ltr'>ἀρχιερεὺς</span> <span class='ocrx_word' id='word_1_591' title='bbox 2237 3351 2333 3404; x_wconf 84' lang='grc' dir='ltr'><strong>τὸν</strong></span> <span class='ocrx_word' id='word_1_592' title='bbox 2361 3350 2573 3416; x_wconf 81' lang='grc' dir='ltr'><strong>πάντας</strong></span> <span class='ocrx_word' id='word_1_593' title='bbox 2596 3350 2833 3422; x_wconf 83' lang='grc' dir='ltr'>σωθῆναι</span> <span class='ocrx_word' id='word_1_594' title='bbox 2883 3350 3127 3407; x_wconf 81' lang='grc' dir='ltr'>θέλοντα.</span> <span class='ocrx_word' id='word_1_595' title='bbox 3160 3351 3325 3408; x_wconf 73' lang='grc' dir='ltr'>Οὕτω</span> <span class='ocrx_word' id='word_1_596' title='bbox 3391 3353 3502 3426; x_wconf 82' lang='grc' dir='ltr'><strong>γάρ</strong></span> 
     </span>
     <span class='ocr_line' id='line_1_78' title="bbox 1915 3435 3506 3518; baseline 0.007 -30"><span class='ocrx_word' id='word_1_597' title='bbox 1915 3435 1996 3490; x_wconf 77' lang='grc' dir='ltr'><strong>δεῖ</strong></span> <span class='ocrx_word' id='word_1_598' title='bbox 2023 3437 2363 3509; x_wconf 80' lang='grc' dir='ltr'>εὐχαριστεῖν</span> <span class='ocrx_word' id='word_1_599' title='bbox 2392 3440 2489 3492; x_wconf 75' lang='grc' dir='ltr'><strong>ἐπὶ</strong></span> <span class='ocrx_word' id='word_1_600' title='bbox 2517 3441 2674 3506; x_wconf 78' lang='grc' dir='ltr'>πᾶσι,</span> <span class='ocrx_word' id='word_1_601' title='bbox 2706 3442 2801 3494; x_wconf 75' lang='grc' dir='ltr'><strong>καὶ</strong></span> <span class='ocrx_word' id='word_1_602' title='bbox 2834 3441 3040 3510; x_wconf 80' lang='grc' dir='ltr'>μᾶλλον</span> <span class='ocrx_word' id='word_1_603' title='bbox 3057 3445 3122 3514; x_wconf 70' lang='grc' dir='ltr'><strong>τῇ</strong></span> <span class='ocrx_word' id='word_1_604' title='bbox 3147 3443 3259 3498; x_wconf 88' lang='grc' dir='ltr'><strong>τῶν</strong></span> <span class='ocrx_word' id='word_1_605' title='bbox 3287 3443 3506 3518; x_wconf 79' lang='grc' dir='ltr'>ἀνθρώ-</span> 
     </span>
     <span class='ocr_line' id='line_1_79' title="bbox 1918 3530 3507 3610; baseline 0.006 -29"><span class='ocrx_word' id='word_1_606' title='bbox 1918 3543 2037 3581; x_wconf 87' lang='grc' dir='ltr'><strong>πων</strong></span> <span class='ocrx_word' id='word_1_607' title='bbox 2062 3530 2329 3602; x_wconf 78' lang='grc' dir='ltr'>σωτηρίᾳ.</span> <span class='ocrx_word' id='word_1_608' title='bbox 2358 3531 2470 3585; x_wconf 69' lang='grc' dir='ltr'>Καὶ</span> <span class='ocrx_word' id='word_1_609' title='bbox 2490 3530 2634 3585; x_wconf 73' lang='grc' dir='ltr'>οὕτω</span> <span class='ocrx_word' id='word_1_610' title='bbox 2667 3532 2948 3602; x_wconf 80' lang='grc' dir='ltr'>κρατήσας</span> <span class='ocrx_word' id='word_1_611' title='bbox 2970 3535 3136 3589; x_wconf 78' lang='grc' dir='ltr'>αὑτὸν</span> <span class='ocrx_word' id='word_1_612' title='bbox 3177 3535 3271 3589; x_wconf 86' lang='grc' dir='ltr'><strong>τὸν</strong></span> <span class='ocrx_word' id='word_1_613' title='bbox 3328 3553 3507 3610; x_wconf 85' lang='grc' dir='ltr'>κατη-</span> 
     </span>
     <span class='ocr_line' id='line_1_80' title="bbox 1916 3617 3503 3697; baseline 0.008 -27"><span class='ocrx_word' id='word_1_614' title='bbox 1916 3617 2180 3687; x_wconf 79' lang='grc' dir='ltr'>χούμενον</span> <span class='ocrx_word' id='word_1_615' title='bbox 2207 3619 2309 3690; x_wconf 82' lang='grc' dir='ltr'><strong>τῆς</strong></span> <span class='ocrx_word' id='word_1_616' title='bbox 2344 3623 2523 3691; x_wconf 86' lang='grc' dir='ltr'>χειρὸς</span> <span class='ocrx_word' id='word_1_617' title='bbox 2552 3619 2630 3684; x_wconf 84' lang='grc' dir='ltr'><strong>ὡς</strong></span> <span class='ocrx_word' id='word_1_618' title='bbox 2662 3622 2754 3677; x_wconf 86' lang='grc' dir='ltr'><strong>τὸν</strong></span> <span class='ocrx_word' id='word_1_619' title='bbox 2786 3620 3110 3678; x_wconf 75' lang='grc' dir='ltr'><strong>ἀπολωλότα</strong></span> <span class='ocrx_word' id='word_1_620' title='bbox 3141 3624 3353 3697; x_wconf 82' lang='grc' dir='ltr'>εὑρὼν,</span> <span class='ocrx_word' id='word_1_621' title='bbox 3386 3628 3503 3682; x_wconf 75' lang='lat' dir='ltr'><strong>cie·</strong></span> 
     </span>
     <span class='ocr_line' id='line_1_81' title="bbox 1919 3709 3502 3790; baseline 0.006 -27"><span class='ocrx_word' id='word_1_622' title='bbox 1919 3709 2046 3778; x_wconf 83' lang='grc' dir='ltr'>ἀγει</span> <span class='ocrx_word' id='word_1_623' title='bbox 2079 3709 2163 3774; x_wconf 88' lang='grc' dir='ltr'><strong>είς</strong></span> <span class='ocrx_word' id='word_1_624' title='bbox 2213 3709 2308 3764; x_wconf 84' lang='grc' dir='ltr'><strong>τὸν</strong></span> <span class='ocrx_word' id='word_1_625' title='bbox 2332 3711 2481 3776; x_wconf 83' lang='grc' dir='ltr'>ναὸν,</span> <span class='ocrx_word' id='word_1_626' title='bbox 2503 3712 2577 3775; x_wconf 83' lang='grc' dir='ltr'><strong>ὡς</strong></span> <span class='ocrx_word' id='word_1_627' title='bbox 2599 3712 2680 3776; x_wconf 85' lang='grc' dir='ltr'><strong>είς</strong></span> <span class='ocrx_word' id='word_1_628' title='bbox 2722 3713 2815 3767; x_wconf 81' lang='grc' dir='ltr'><strong>τὸν</strong></span> <span class='ocrx_word' id='word_1_629' title='bbox 2868 3714 3098 3785; x_wconf 78' lang='grc' dir='ltr'>οὐρανὸν</span> <span class='ocrx_word' id='word_1_630' title='bbox 3142 3715 3418 3788; x_wconf 85' lang='grc' dir='ltr'>δηλονότι,</span> <span class='ocrx_word' id='word_1_631' title='bbox 3466 3717 3502 3790; x_wconf 67' lang='grc' dir='ltr'>η</span> 
     </span>
     <span class='ocr_line' id='line_1_82' title="bbox 1916 3801 3505 3881; baseline 0.005 -27"><span class='ocrx_word' id='word_1_632' title='bbox 1916 3801 2009 3855; x_wconf 82' lang='grc' dir='ltr'><strong>τὸν</strong></span> <span class='ocrx_word' id='word_1_633' title='bbox 2030 3803 2378 3873; x_wconf 70' lang='grc' dir='ltr'>παράδεισον,</span> <span class='ocrx_word' id='word_1_634' title='bbox 2406 3804 2638 3871; x_wconf 81' lang='grc' dir='ltr'>δεικνὺς,</span> <span class='ocrx_word' id='word_1_635' title='bbox 2671 3807 2749 3871; x_wconf 84' lang='grc' dir='ltr'><strong>ὡς</strong></span> <span class='ocrx_word' id='word_1_636' title='bbox 2817 3808 3124 3879; x_wconf 78' lang='grc' dir='ltr'>προσφέρει</span> <span class='ocrx_word' id='word_1_637' title='bbox 3182 3807 3379 3864; x_wconf 79' lang='grc' dir='ltr'>τοῦτον</span> <span class='ocrx_word' id='word_1_638' title='bbox 3424 3809 3505 3881; x_wconf 74' lang='grc' dir='ltr'><strong>τῷ</strong></span> 
     </span>
     <span class='ocr_line' id='line_1_83' title="bbox 1917 3894 3501 3972; baseline 0.005 -24"><span class='ocrx_word' id='word_1_639' title='bbox 1917 3894 2284 3951; x_wconf 79' lang='grc' dir='ltr'>ἀπολωλεκότι</span> <span class='ocrx_word' id='word_1_640' title='bbox 2304 3897 2562 3971; x_wconf 79' lang='grc' dir='ltr'>δεσπότῃ.</span> <span class='ocrx_word' id='word_1_641' title='bbox 2592 3899 2705 3967; x_wconf 74' lang='grc' dir='ltr'><strong>Τὴν</strong></span> <span class='ocrx_word' id='word_1_642' title='bbox 2725 3901 2901 3970; x_wconf 73' lang='grc' dir='ltr'>χαρὰν</span> <span class='ocrx_word' id='word_1_643' title='bbox 2927 3899 2985 3952; x_wconf 72' lang='grc' dir='ltr'><strong>δὲ</strong></span> <span class='ocrx_word' id='word_1_644' title='bbox 3016 3899 3225 3969; x_wconf 82' lang='grc' dir='ltr'>δηλῶν,</span> <span class='ocrx_word' id='word_1_645' title='bbox 3257 3900 3335 3971; x_wconf 74' lang='grc' dir='ltr'><strong>ἢν</strong></span> <span class='ocrx_word' id='word_1_646' title='bbox 3365 3903 3501 3972; x_wconf 67' lang='grc' dir='ltr'>μετὰ</span> 
     </span>
     <span class='ocr_line' id='line_1_84' title="bbox 1915 3985 3499 4062; baseline 0.004 -24"><span class='ocrx_word' id='word_1_647' title='bbox 1915 3985 2025 4039; x_wconf 86' lang='grc' dir='ltr'><strong>τῶν</strong></span> <span class='ocrx_word' id='word_1_648' title='bbox 2056 3987 2305 4056; x_wconf 78' lang='grc' dir='ltr'>ἀγγέλων</span> <span class='ocrx_word' id='word_1_649' title='bbox 2362 3989 2543 4061; x_wconf 86' lang='grc' dir='ltr'>χαίρει</span> <span class='ocrx_word' id='word_1_650' title='bbox 2594 3989 2689 4045; x_wconf 67' lang='grc' dir='ltr'><strong>ἐπὶ</strong></span> <span class='ocrx_word' id='word_1_651' title='bbox 2748 3987 3100 4060; x_wconf 77' lang='grc' dir='ltr'>μετανοοῦντι</span> <span class='ocrx_word' id='word_1_652' title='bbox 3164 3990 3499 4062; x_wconf 74' lang='grc' dir='ltr'>ἁμαρτωλῷ,</span> 
     </span>
     <span class='ocr_line' id='line_1_85' title="bbox 1922 4078 3503 4155; baseline 0.006 -25"><span class='ocrx_word' id='word_1_653' title='bbox 1922 4095 1943 4130; x_wconf 81' lang='grc' dir='ltr'><strong>ι</strong></span> <span class='ocrx_word' id='word_1_654' title='bbox 1972 4078 2164 4149; x_wconf 82' lang='grc' dir='ltr'>Χαίρε,</span> <span class='ocrx_word' id='word_1_655' title='bbox 2190 4079 2633 4152; x_wconf 74' lang='grc' dir='ltr'>κεχαριτωμένη,</span> <span class='ocrx_word' id='word_1_656' title='bbox 2672 4099 2691 4132; x_wconf 77' lang='grc' dir='ltr'><strong>ι</strong></span> <span class='ocrx_word' id='word_1_657' title='bbox 2740 4082 2907 4152; x_wconf 76' lang='grc' dir='ltr'>φησὶν</span> <span class='ocrx_word' id='word_1_658' title='bbox 2936 4081 3152 4147; x_wconf 79' lang='grc' dir='ltr'>ὑμνῶν,</span> <span class='ocrx_word' id='word_1_659' title='bbox 3187 4085 3290 4137; x_wconf 74' lang='grc' dir='ltr'><strong>καὶ</strong></span> <span class='ocrx_word' id='word_1_660' title='bbox 3320 4084 3503 4155; x_wconf 75' lang='grc' dir='ltr'>εἰσέρ-</span> 
     </span>
     <span class='ocr_line' id='line_1_86' title="bbox 1914 4167 3504 4246; baseline 0.008 -26"><span class='ocrx_word' id='word_1_661' title='bbox 1914 4184 2087 4240; x_wconf 86' lang='grc' dir='ltr'>χεται.</span> <span class='ocrx_word' id='word_1_662' title='bbox 2116 4167 2266 4239; x_wconf 77' lang='grc' dir='ltr'>Αὕτη</span> <span class='ocrx_word' id='word_1_663' title='bbox 2290 4171 2400 4240; x_wconf 76' lang='grc' dir='ltr'>γὰρ</span> <span class='ocrx_word' id='word_1_664' title='bbox 2428 4171 2461 4241; x_wconf 83' lang='grc' dir='ltr'>ἡ</span> <span class='ocrx_word' id='word_1_665' title='bbox 2491 4171 2714 4243; x_wconf 76' lang='grc' dir='ltr'>ἀπαρχὴ</span> <span class='ocrx_word' id='word_1_666' title='bbox 2738 4172 2837 4242; x_wconf 77' lang='grc' dir='ltr'><strong>τῆς</strong></span> <span class='ocrx_word' id='word_1_667' title='bbox 2880 4173 3156 4246; x_wconf 83' lang='grc' dir='ltr'>σωτηρίου</span> <span class='ocrx_word' id='word_1_668' title='bbox 3222 4177 3437 4245; x_wconf 68' lang='grc' dir='ltr'>χαρᾶς,</span> <span class='ocrx_word' id='word_1_669' title='bbox 3467 4177 3504 4246; x_wconf 69' lang='grc' dir='ltr'><strong>ἡ</strong></span> 
     </span>
     <span class='ocr_line' id='line_1_87' title="bbox 1918 4260 3502 4337; baseline 0.005 -24"><span class='ocrx_word' id='word_1_670' title='bbox 1918 4260 2182 4331; x_wconf 76' lang='grc' dir='ltr'>σωτήριος</span> <span class='ocrx_word' id='word_1_671' title='bbox 2212 4261 2378 4330; x_wconf 84' lang='grc' dir='ltr'>πύλη,</span> <span class='ocrx_word' id='word_1_672' title='bbox 2410 4262 2443 4332; x_wconf 84' lang='grc' dir='ltr'>ἡ</span> <span class='ocrx_word' id='word_1_673' title='bbox 2474 4265 2573 4333; x_wconf 77' lang='grc' dir='ltr'><strong>τὴν</strong></span> <span class='ocrx_word' id='word_1_674' title='bbox 2610 4263 2877 4335; x_wconf 86' lang='grc' dir='ltr'>σωτηρίαν</span> <span class='ocrx_word' id='word_1_675' title='bbox 2899 4265 3033 4332; x_wconf 75' lang='grc' dir='ltr'>ἡμίν</span> <span class='ocrx_word' id='word_1_676' title='bbox 3054 4266 3502 4337; x_wconf 70' lang='grc' dir='ltr'>οίκονομησασα,</span> 
     </span>
     <span class='ocr_line' id='line_1_88' title="bbox 1916 4349 3509 4426; baseline 0.005 -21"><span class='ocrx_word' id='word_1_677' title='bbox 1916 4350 2011 4406; x_wconf 72' lang='grc' dir='ltr'><strong>καὶ</strong></span> <span class='ocrx_word' id='word_1_678' title='bbox 2034 4349 2133 4420; x_wconf 78' lang='grc' dir='ltr'><strong>τὴν</strong></span> <span class='ocrx_word' id='word_1_679' title='bbox 2149 4350 2324 4421; x_wconf 68' lang='grc' dir='ltr'>ἀληθῆ</span> <span class='ocrx_word' id='word_1_680' title='bbox 2347 4353 2525 4422; x_wconf 82' lang='grc' dir='ltr'>χαρὰν</span> <span class='ocrx_word' id='word_1_681' title='bbox 2551 4352 2631 4422; x_wconf 85' lang='grc' dir='ltr'><strong>τῷ</strong></span> <span class='ocrx_word' id='word_1_682' title='bbox 2654 4353 2866 4424; x_wconf 81' lang='grc' dir='ltr'>κόσμῳ,</span> <span class='ocrx_word' id='word_1_683' title='bbox 2897 4354 2989 4409; x_wconf 80' lang='grc' dir='ltr'><strong>τὸν</strong></span> <span class='ocrx_word' id='word_1_684' title='bbox 3018 4352 3153 4409; x_wconf 75' lang='grc' dir='ltr'>Θεὸν</span> <span class='ocrx_word' id='word_1_685' title='bbox 3202 4356 3391 4426; x_wconf 79' lang='grc' dir='ltr'>Λόγον</span> <span class='ocrx_word' id='word_1_686' title='bbox 3415 4374 3509 4413; x_wconf 74' lang='grc' dir='ltr'><strong>σε·</strong></span> 
     </span>
    </p>
   </div>
   <div class='ocr_carea' id='block_1_13' title="bbox 253 4440 3503 4518">
    <p class='ocr_par' dir='ltr' id='par_1_13' title="bbox 253 4440 3503 4518">
     <span class='ocr_line' id='line_1_89' title="bbox 253 4440 3503 4518; baseline 0.003 -20"><span class='ocrx_word' id='word_1_687' title='bbox 253 4445 398 4500; x_wconf 88' lang='lat' dir='ltr'><strong>illins</strong></span> <span class='ocrx_word' id='word_1_688' title='bbox 434 4445 611 4501; x_wconf 79' lang='lat' dir='ltr'><strong>sactus</strong></span> <span class='ocrx_word' id='word_1_689' title='bbox 657 4451 742 4499; x_wconf 83' lang='lat' dir='ltr'><strong>est</strong></span> <span class='ocrx_word' id='word_1_690' title='bbox 780 4459 905 4515; x_wconf 88' lang='lat' dir='ltr'><strong>erga</strong></span> <span class='ocrx_word' id='word_1_691' title='bbox 941 4445 1242 4514; x_wconf 82' lang='lat' dir='ltr'><strong>Christum,</strong></span> <span class='ocrx_word' id='word_1_692' title='bbox 1275 4449 1679 4518; x_wconf 79' lang='lat' dir='ltr'><strong>spiritualisque</strong></span> <span class='ocrx_word' id='word_1_693' title='bbox 1706 4453 1810 4508; x_wconf 82' lang='lat' dir='ltr'><strong>erit</strong></span> <span class='ocrx_word' id='word_1_694' title='bbox 1842 4452 1887 4509; x_wconf 83' lang='lat' dir='ltr'>D</span> <span class='ocrx_word' id='word_1_695' title='bbox 1921 4441 2273 4512; x_wconf 62' lang='grc' dir='ltr'>σαρκωμὲνθν</span> <span class='ocrx_word' id='word_1_696' title='bbox 2302 4440 2361 4507; x_wconf 67' lang='grc' dir='ltr'><strong>ἐξ</strong></span> <span class='ocrx_word' id='word_1_697' title='bbox 2397 4442 2566 4512; x_wconf 72' lang='grc' dir='ltr'>αὐτῆς</span> <span class='ocrx_word' id='word_1_698' title='bbox 2590 4445 2904 4515; x_wconf 68' lang='grc' dir='ltr'>γεννήσασα</span> <span class='ocrx_word' id='word_1_699' title='bbox 2927 4444 3102 4513; x_wconf 71' lang='grc' dir='ltr'><strong>ἁγῑως</strong></span> <span class='ocrx_word' id='word_1_700' title='bbox 3133 4463 3193 4500; x_wconf 70' lang='grc' dir='ltr'><strong>τε</strong></span> <span class='ocrx_word' id='word_1_701' title='bbox 3216 4449 3317 4500; x_wconf 68' lang='grc' dir='ltr'><strong>καὶ</strong></span> <span class='ocrx_word' id='word_1_702' title='bbox 3353 4465 3503 4516; x_wconf 79' lang='grc' dir='ltr'>παρ·</span> 
     </span>
    </p>
   </div>
   <div class='ocr_carea' id='block_1_14' title="bbox 249 4532 1812 5797">
    <p class='ocr_par' dir='ltr' id='par_1_14' title="bbox 249 4532 1812 5797">
     <span class='ocr_line' id='line_1_90' title="bbox 251 4532 1810 4606; baseline 0.004 -15"><span class='ocrx_word' id='word_1_703' title='bbox 251 4539 561 4606; x_wconf 76' lang='lat' dir='ltr'><strong>ejuspater.</strong></span> <span class='ocrx_word' id='word_1_704' title='bbox 578 4532 735 4590; x_wconf 77' lang='lat' dir='ltr'><strong>Unde</strong></span> <span class='ocrx_word' id='word_1_705' title='bbox 752 4535 901 4592; x_wconf 89' lang='lat' dir='ltr'><strong>iilum</strong></span> <span class='ocrx_word' id='word_1_706' title='bbox 918 4537 1255 4606; x_wconf 85' lang='lat' dir='ltr'><strong>prehendens</strong></span> <span class='ocrx_word' id='word_1_707' title='bbox 1279 4538 1496 4595; x_wconf 80' lang='lat' dir='ltr'><strong>adducit</strong></span> <span class='ocrx_word' id='word_1_708' title='bbox 1515 4539 1582 4595; x_wconf 90' lang='lat' dir='ltr'><strong>ad</strong></span> <span class='ocrx_word' id='word_1_709' title='bbox 1600 4557 1810 4598; x_wconf 89' lang='lat' dir='ltr'><strong>sacram</strong></span> 
     </span>
     <span class='ocr_line' id='line_1_91' title="bbox 251 4626 1808 4701; baseline 0.003 -17"><span class='ocrx_word' id='word_1_710' title='bbox 251 4629 515 4701; x_wconf 86' lang='lat' dir='ltr'><strong>piscinam</strong></span> <span class='ocrx_word' id='word_1_711' title='bbox 564 4627 856 4683; x_wconf 86' lang='lat' dir='ltr'><strong>ostendens</strong></span> <span class='ocrx_word' id='word_1_712' title='bbox 887 4626 1158 4682; x_wconf 83' lang='lat' dir='ltr'><strong>initiatum</strong></span> <span class='ocrx_word' id='word_1_713' title='bbox 1198 4628 1453 4695; x_wconf 86' lang='lat' dir='ltr'><strong>libenter,</strong></span> <span class='ocrx_word' id='word_1_714' title='bbox 1489 4641 1808 4698; x_wconf 83' lang='lat' dir='ltr'><strong>non·autcm</strong></span> 
     </span>
     <span class='ocr_line' id='line_1_92' title="bbox 249 4717 1812 4790; baseline 0.004 -15"><span class='ocrx_word' id='word_1_715' title='bbox 249 4719 303 4775; x_wconf 73' lang='lat' dir='ltr'><strong>vi</strong></span> <span class='ocrx_word' id='word_1_716' title='bbox 334 4717 589 4774; x_wconf 84' lang='lat' dir='ltr'><strong>accedere</strong></span> <span class='ocrx_word' id='word_1_717' title='bbox 621 4718 690 4773; x_wconf 88' lang='lat' dir='ltr'><strong>ad</strong></span> <span class='ocrx_word' id='word_1_718' title='bbox 725 4718 1073 4790; x_wconf 82' lang='lat' dir='ltr'><strong>baptismum,</strong></span> <span class='ocrx_word' id='word_1_719' title='bbox 1107 4718 1267 4775; x_wconf 87' lang='lat' dir='ltr'><strong>ducet</strong></span> <span class='ocrx_word' id='word_1_720' title='bbox 1311 4721 1474 4774; x_wconf 84' lang='lat' dir='ltr'><strong>ctiam</strong></span> <span class='ocrx_word' id='word_1_721' title='bbox 1524 4723 1591 4777; x_wconf 92' lang='lat' dir='ltr'><strong>ad</strong></span> <span class='ocrx_word' id='word_1_722' title='bbox 1648 4732 1812 4781; x_wconf 86' lang='lat' dir='ltr'><strong>testes</strong></span> 
     </span>
     <span class='ocr_line' id='line_1_93' title="bbox 252 4808 1812 4884; baseline 0.003 -20"><span class='ocrx_word' id='word_1_723' title='bbox 252 4808 459 4866; x_wconf 87' lang='lat' dir='ltr'><strong>scilicet</strong></span> <span class='ocrx_word' id='word_1_724' title='bbox 489 4809 665 4880; x_wconf 89' lang='lat' dir='ltr'><strong>primo</strong></span> <span class='ocrx_word' id='word_1_725' title='bbox 689 4820 746 4866; x_wconf 90' lang='lat' dir='ltr'><strong>et</strong></span> <span class='ocrx_word' id='word_1_726' title='bbox 794 4811 1061 4881; x_wconf 70' lang='lat' dir='ltr'><strong>praecipue</strong></span> <span class='ocrx_word' id='word_1_727' title='bbox 1098 4812 1288 4876; x_wconf 85' lang='lat' dir='ltr'><strong>Deum,</strong></span> <span class='ocrx_word' id='word_1_728' title='bbox 1352 4812 1549 4869; x_wconf 81' lang='lat' dir='ltr'><strong>deinde</strong></span> <span class='ocrx_word' id='word_1_729' title='bbox 1591 4814 1812 4884; x_wconf 87' lang='lat' dir='ltr'><strong>pontili-</strong></span> 
     </span>
     <span class='ocr_line' id='line_1_94' title="bbox 252 4901 1808 4974; baseline 0.004 -21"><span class='ocrx_word' id='word_1_730' title='bbox 252 4915 368 4956; x_wconf 74' lang='lat' dir='ltr'><strong>eem</strong></span> <span class='ocrx_word' id='word_1_731' title='bbox 392 4910 446 4956; x_wconf 90' lang='lat' dir='ltr'><strong>et</strong></span> <span class='ocrx_word' id='word_1_732' title='bbox 464 4901 736 4957; x_wconf 84' lang='lat' dir='ltr'><strong>adstantes</strong></span> <span class='ocrx_word' id='word_1_733' title='bbox 758 4902 938 4958; x_wconf 72' lang='lat' dir='ltr'><strong>liileles</strong></span> <span class='ocrx_word' id='word_1_734' title='bbox 961 4901 1053 4973; x_wconf 89' lang='lat' dir='ltr'><strong>qui</strong></span> <span class='ocrx_word' id='word_1_735' title='bbox 1071 4916 1259 4957; x_wconf 84' lang='lat' dir='ltr'><strong>omnes</strong></span> <span class='ocrx_word' id='word_1_736' title='bbox 1280 4912 1405 4957; x_wconf 85' lang='lat' dir='ltr'><strong>sunt</strong></span> <span class='ocrx_word' id='word_1_737' title='bbox 1426 4905 1808 4974; x_wconf 85' lang='lat' dir='ltr'><strong>mysteriorum</strong></span> 
     </span>
     <span class='ocr_line' id='line_1_95' title="bbox 252 4993 1807 5082; baseline 0.001 -34"><span class='ocrx_word' id='word_1_738' title='bbox 252 4993 647 5082; x_wconf 32' lang='lat' dir='ltr'><strong>testesxipsnm</strong></span> <span class='ocrx_word' id='word_1_739' title='bbox 697 4994 862 5049; x_wconf 87' lang='lat' dir='ltr'><strong>etiam</strong></span> <span class='ocrx_word' id='word_1_740' title='bbox 925 5007 1245 5063; x_wconf 86' lang='lat' dir='ltr'><strong>sponsorem</strong></span> <span class='ocrx_word' id='word_1_741' title='bbox 1267 5010 1388 5048; x_wconf 89' lang='lat' dir='ltr'><strong>cnm</strong></span> <span class='ocrx_word' id='word_1_742' title='bbox 1429 4998 1807 5063; x_wconf 84' lang='lat' dir='ltr'><strong>adducentem,</strong></span> 
     </span>
     <span class='ocr_line' id='line_1_96' title="bbox 249 5084 1809 5159; baseline 0.001 -18"><span class='ocrx_word' id='word_1_743' title='bbox 249 5094 306 5141; x_wconf 90' lang='lat' dir='ltr'><strong>ct</strong></span> <span class='ocrx_word' id='word_1_744' title='bbox 334 5085 630 5155; x_wconf 83' lang='lat' dir='ltr'><strong>praesertim</strong></span> <span class='ocrx_word' id='word_1_745' title='bbox 657 5084 871 5140; x_wconf 80' lang='lat' dir='ltr'><strong>divinos</strong></span> <span class='ocrx_word' id='word_1_746' title='bbox 914 5084 1406 5155; x_wconf 84' lang='lat' dir='ltr'><strong>sanctissimosque</strong></span> <span class='ocrx_word' id='word_1_747' title='bbox 1470 5088 1689 5159; x_wconf 85' lang='lat' dir='ltr'><strong>angelos</strong></span> <span class='ocrx_word' id='word_1_748' title='bbox 1716 5088 1809 5158; x_wconf 92' lang='lat' dir='ltr'><strong>qni</strong></span> 
     </span>
     <span class='ocr_line' id='line_1_97' title="bbox 253 5171 1811 5232; baseline 0.001 -3"><span class='ocrx_word' id='word_1_749' title='bbox 253 5172 595 5229; x_wconf 80' lang='lat' dir='ltr'><strong>invisibiliter</strong></span> <span class='ocrx_word' id='word_1_750' title='bbox 621 5171 817 5228; x_wconf 90' lang='lat' dir='ltr'><strong>adsunt</strong></span> <span class='ocrx_word' id='word_1_751' title='bbox 847 5181 900 5228; x_wconf 90' lang='lat' dir='ltr'><strong>et</strong></span> <span class='ocrx_word' id='word_1_752' title='bbox 929 5171 1177 5228; x_wconf 63' lang='lat' dir='ltr'><strong>laetantur</strong></span> <span class='ocrx_word' id='word_1_753' title='bbox 1238 5173 1306 5229; x_wconf 89' lang='lat' dir='ltr'><strong>de</strong></span> <span class='ocrx_word' id='word_1_754' title='bbox 1367 5176 1544 5230; x_wconf 85' lang='lat' dir='ltr'><strong>salute</strong></span> <span class='ocrx_word' id='word_1_755' title='bbox 1600 5175 1811 5232; x_wconf 79' lang='lat' dir='ltr'><strong>‹livina-</strong></span> 
     </span>
     <span class='ocr_line' id='line_1_98' title="bbox 252 5264 1812 5350; baseline 0.004 -32"><span class='ocrx_word' id='word_1_756' title='bbox 252 5280 359 5333; x_wconf 65' lang='lat' dir='ltr'><strong>‹gue</strong></span> <span class='ocrx_word' id='word_1_757' title='bbox 392 5264 646 5335; x_wconf 86' lang='lat' dir='ltr'><strong>baptizati</strong></span> <span class='ocrx_word' id='word_1_758' title='bbox 680 5264 732 5318; x_wconf 87' lang='lat' dir='ltr'><strong>ln</strong></span> <span class='ocrx_word' id='word_1_759' title='bbox 766 5264 965 5334; x_wconf 89' lang='lat' dir='ltr'><strong>spiritu</strong></span> <span class='ocrx_word' id='word_1_760' title='bbox 995 5265 1276 5322; x_wconf 84' lang='lat' dir='ltr'><strong>nativitate</strong></span> <span class='ocrx_word' id='word_1_761' title='bbox 1311 5267 1572 5350; x_wconf 80' lang='lat' dir='ltr'><strong>illumque</strong></span> <span class='ocrx_word' id='word_1_762' title='bbox 1613 5268 1666 5321; x_wconf 90' lang='lat' dir='ltr'><strong>in</strong></span> <span class='ocrx_word' id='word_1_763' title='bbox 1702 5283 1812 5324; x_wconf 85' lang='lat' dir='ltr'><strong>coe·</strong></span> 
     </span>
     <span class='ocr_line' id='line_1_99' title="bbox 252 5356 1810 5426; baseline -0.001 -11"><span class='ocrx_word' id='word_1_764' title='bbox 252 5360 320 5415; x_wconf 87' lang='lat' dir='ltr'><strong>lis</strong></span> <span class='ocrx_word' id='word_1_765' title='bbox 366 5360 701 5421; x_wconf 81' lang='lat' dir='ltr'><strong>adscribunt,</strong></span> <span class='ocrx_word' id='word_1_766' title='bbox 737 5358 846 5426; x_wconf 80' lang='lat' dir='ltr'><strong>iam</strong></span> <span class='ocrx_word' id='word_1_767' title='bbox 897 5356 1195 5413; x_wconf 78' lang='lat' dir='ltr'><strong>familiares</strong></span> <span class='ocrx_word' id='word_1_768' title='bbox 1241 5368 1293 5413; x_wconf 89' lang='lat' dir='ltr'><strong>et</strong></span> <span class='ocrx_word' id='word_1_769' title='bbox 1351 5359 1506 5414; x_wconf 87' lang='lat' dir='ltr'><strong>amici</strong></span> <span class='ocrx_word' id='word_1_770' title='bbox 1563 5358 1690 5413; x_wconf 81' lang='lat' dir='ltr'><strong>lacti</strong></span> <span class='ocrx_word' id='word_1_771' title='bbox 1742 5360 1810 5414; x_wconf 88' lang='lat' dir='ltr'><strong>ab</strong></span> 
     </span>
     <span class='ocr_line' id='line_1_100' title="bbox 251 5433 1811 5521; baseline -0.002 -16"><span class='ocrx_word' id='word_1_772' title='bbox 251 5454 634 5507; x_wconf 83' lang='lat' dir='ltr'><strong>emundatione</strong></span> <span class='ocrx_word' id='word_1_773' title='bbox 684 5465 750 5507; x_wconf 82' lang='lat' dir='ltr'><strong>ex</strong></span> <span class='ocrx_word' id='word_1_774' title='bbox 805 5451 990 5507; x_wconf 85' lang='lat' dir='ltr'><strong>divino</strong></span> <span class='ocrx_word' id='word_1_775' title='bbox 1016 5433 1245 5507; x_wconf 53' lang='lat' dir='ltr'><strong>&#39;lavacro</strong></span> <span class='ocrx_word' id='word_1_776' title='bbox 1277 5451 1497 5506; x_wconf 82' lang='lat' dir='ltr'><strong>obtenta</strong></span> <span class='ocrx_word' id='word_1_777' title='bbox 1533 5463 1586 5506; x_wconf 89' lang='lat' dir='ltr'><strong>et</strong></span> <span class='ocrx_word' id='word_1_778' title='bbox 1638 5468 1811 5521; x_wconf 77' lang='lat' dir='ltr'><strong>nugu-</strong></span> 
     </span>
     <span class='ocr_line' id='line_1_101' title="bbox 252 5542 1811 5613; baseline -0.001 -14"><span class='ocrx_word' id='word_1_779' title='bbox 252 5544 363 5599; x_wconf 86' lang='lat' dir='ltr'><strong>enti</strong></span> <span class='ocrx_word' id='word_1_780' title='bbox 385 5544 680 5613; x_wconf 87' lang='lat' dir='ltr'><strong>signaculo.</strong></span> <span class='ocrx_word' id='word_1_781' title='bbox 703 5542 828 5600; x_wconf 85' lang='lat' dir='ltr'><strong>ideo</strong></span> <span class='ocrx_word' id='word_1_782' title='bbox 858 5544 1221 5599; x_wconf 86' lang='lat' dir='ltr'><strong>necessarium</strong></span> <span class='ocrx_word' id='word_1_783' title='bbox 1265 5551 1349 5597; x_wconf 90' lang='lat' dir='ltr'><strong>est</strong></span> <span class='ocrx_word' id='word_1_784' title='bbox 1379 5552 1508 5598; x_wconf 90' lang='lat' dir='ltr'><strong>tunc</strong></span> <span class='ocrx_word' id='word_1_785' title='bbox 1541 5557 1666 5597; x_wconf 90' lang='lat' dir='ltr'><strong>cum</strong></span> <span class='ocrx_word' id='word_1_786' title='bbox 1697 5545 1811 5613; x_wconf 88' lang='lat' dir='ltr'><strong>pic·</strong></span> 
     </span>
     <span class='ocr_line' id='line_1_102' title="bbox 257 5632 1807 5704; baseline -0.001 -13"><span class='ocrx_word' id='word_1_787' title='bbox 257 5644 368 5691; x_wconf 87' lang='lat' dir='ltr'><strong>tate</strong></span> <span class='ocrx_word' id='word_1_788' title='bbox 389 5643 443 5691; x_wconf 88' lang='lat' dir='ltr'><strong>et</strong></span> <span class='ocrx_word' id='word_1_789' title='bbox 477 5635 671 5704; x_wconf 83' lang='lat' dir='ltr'><strong>gaudio</strong></span> <span class='ocrx_word' id='word_1_790' title='bbox 705 5638 894 5690; x_wconf 89' lang='lat' dir='ltr'><strong>adesse</strong></span> <span class='ocrx_word' id='word_1_791' title='bbox 926 5634 1110 5690; x_wconf 79' lang='lat' dir='ltr'><strong>fideles</strong></span> <span class='ocrx_word' id='word_1_792' title='bbox 1162 5632 1274 5689; x_wconf 77' lang='lat' dir='ltr'><strong>iere</strong></span> <span class='ocrx_word' id='word_1_793' title='bbox 1325 5648 1535 5698; x_wconf 89' lang='lat' dir='ltr'><strong>omnes,</strong></span> <span class='ocrx_word' id='word_1_794' title='bbox 1579 5641 1635 5688; x_wconf 88' lang='lat' dir='ltr'><strong>et</strong></span> <span class='ocrx_word' id='word_1_795' title='bbox 1690 5648 1807 5690; x_wconf 87' lang='lat' dir='ltr'><strong>cre·</strong></span> 
     </span>
     <span class='ocr_line' id='line_1_103' title="bbox 255 5722 1808 5797; baseline -0.001 -16"><span class='ocrx_word' id='word_1_796' title='bbox 255 5728 385 5781; x_wconf 83' lang='lat' dir='ltr'><strong>dere</strong></span> <span class='ocrx_word' id='word_1_797' title='bbox 438 5724 657 5795; x_wconf 72' lang='lat' dir='ltr'><strong>angelos</strong></span> <span class='ocrx_word' id='word_1_798' title='bbox 710 5725 924 5781; x_wconf 64' lang='lat' dir='ltr'><strong>adstare</strong></span> <span class='ocrx_word' id='word_1_799' title='bbox 981 5726 1076 5797; x_wconf 87' lang='lat' dir='ltr'><strong>qui</strong></span> <span class='ocrx_word' id='word_1_800' title='bbox 1127 5726 1377 5783; x_wconf 78' lang='lat' dir='ltr'><strong>laetantur</strong></span> <span class='ocrx_word' id='word_1_801' title='bbox 1424 5722 1490 5779; x_wconf 90' lang='lat' dir='ltr'><strong>de</strong></span> <span class='ocrx_word' id='word_1_802' title='bbox 1523 5729 1808 5793; x_wconf 82' lang='lat' dir='ltr'><strong>peccatore</strong></span> 
     </span>
    </p>
   </div>
   <div class='ocr_carea' id='block_1_15' title="bbox 1908 4533 3502 5794">
    <p class='ocr_par' dir='ltr' id='par_1_15' title="bbox 1908 4533 3502 5794">
     <span class='ocr_line' id='line_1_104' title="bbox 1919 4533 3502 4610; baseline 0.004 -24"><span class='ocrx_word' id='word_1_803' title='bbox 1919 4533 2145 4598; x_wconf 84' lang='grc' dir='ltr'>θενικῶς</span> <span class='ocrx_word' id='word_1_804' title='bbox 2168 4535 2249 4597; x_wconf 82' lang='grc' dir='ltr'><strong>είς</strong></span> <span class='ocrx_word' id='word_1_805' title='bbox 2270 4534 2544 4605; x_wconf 76' lang='grc' dir='ltr'>ἡμετέραν</span> <span class='ocrx_word' id='word_1_806' title='bbox 2569 4535 2890 4590; x_wconf 79' lang='grc' dir='ltr'>ἀνάπλασιν.</span> <span class='ocrx_word' id='word_1_807' title='bbox 2921 4537 3029 4590; x_wconf 73' lang='grc' dir='ltr'><strong>Καὶ</strong></span> <span class='ocrx_word' id='word_1_808' title='bbox 3052 4536 3125 4591; x_wconf 67' lang='grc' dir='ltr'><strong>τὰ</strong></span> <span class='ocrx_word' id='word_1_809' title='bbox 3143 4537 3239 4592; x_wconf 81' lang='grc' dir='ltr'><strong>τοῦ</strong></span> <span class='ocrx_word' id='word_1_810' title='bbox 3266 4538 3502 4610; x_wconf 85' lang='grc' dir='ltr'>Συμεὼν</span> 
     </span>
     <span class='ocr_line' id='line_1_105' title="bbox 1914 4625 3493 4700; baseline 0.003 -20"><span class='ocrx_word' id='word_1_811' title='bbox 1914 4626 1982 4680; x_wconf 59' lang='grc' dir='ltr'><strong>δὲ</strong></span> <span class='ocrx_word' id='word_1_812' title='bbox 2003 4625 2254 4679; x_wconf 80' lang='grc' dir='ltr'>ἐκτυπῶν</span> <span class='ocrx_word' id='word_1_813' title='bbox 2282 4629 2310 4679; x_wconf 84' lang='grc' dir='ltr'><strong>ὀ</strong></span> <span class='ocrx_word' id='word_1_814' title='bbox 2339 4627 2648 4697; x_wconf 80' lang='grc' dir='ltr'>ἀρχιερεὺς,</span> <span class='ocrx_word' id='word_1_815' title='bbox 2682 4630 2948 4697; x_wconf 83' lang='grc' dir='ltr'>προσάγει</span> <span class='ocrx_word' id='word_1_816' title='bbox 2979 4626 3076 4681; x_wconf 83' lang='grc' dir='ltr'><strong>τοῦ</strong></span> <span class='ocrx_word' id='word_1_817' title='bbox 3098 4628 3493 4700; x_wconf 83' lang='grc' dir='ltr'>θυσιαστηρίου</span> 
     </span>
     <span class='ocr_line' id='line_1_106' title="bbox 1915 4716 3491 4791; baseline 0.002 -21"><span class='ocrx_word' id='word_1_818' title='bbox 1915 4716 2147 4770; x_wconf 74' lang='grc' dir='ltr'>ἐνώπιον</span> <span class='ocrx_word' id='word_1_819' title='bbox 2177 4719 2269 4770; x_wconf 78' lang='grc' dir='ltr'><strong>τὸν</strong></span> <span class='ocrx_word' id='word_1_820' title='bbox 2305 4716 2721 4788; x_wconf 72' lang='grc' dir='ltr'>βαπτιζόμενον,</span> <span class='ocrx_word' id='word_1_821' title='bbox 2751 4717 2948 4788; x_wconf 84' lang='grc' dir='ltr'>δηλῶν,</span> <span class='ocrx_word' id='word_1_822' title='bbox 2975 4718 3052 4783; x_wconf 81' lang='grc' dir='ltr'><strong>ὡς</strong></span> <span class='ocrx_word' id='word_1_823' title='bbox 3101 4718 3185 4772; x_wconf 79' lang='grc' dir='ltr'><strong>ὅτι</strong></span> <span class='ocrx_word' id='word_1_824' title='bbox 3220 4721 3491 4791; x_wconf 70' lang='grc' dir='ltr'>προσέφε-</span> 
     </span>
     <span class='ocr_line' id='line_1_107' title="bbox 1916 4807 3492 4880; baseline 0.004 -21"><span class='ocrx_word' id='word_1_825' title='bbox 1916 4824 1999 4878; x_wconf 87' lang='grc' dir='ltr'><strong>ρε.</strong></span> <span class='ocrx_word' id='word_1_826' title='bbox 2035 4808 2141 4861; x_wconf 76' lang='grc' dir='ltr'><strong>Καὶ</strong></span> <span class='ocrx_word' id='word_1_827' title='bbox 2171 4811 2316 4862; x_wconf 77' lang='grc' dir='ltr'>ποιεί</span> <span class='ocrx_word' id='word_1_828' title='bbox 2352 4807 2542 4862; x_wconf 83' lang='grc' dir='ltr'>τοῦτον</span> <span class='ocrx_word' id='word_1_829' title='bbox 2600 4809 2720 4876; x_wconf 78' lang='grc' dir='ltr'>τρὶς</span> <span class='ocrx_word' id='word_1_830' title='bbox 2775 4808 3150 4878; x_wconf 71' lang='grc' dir='ltr'>προσκυνῆσαι</span> <span class='ocrx_word' id='word_1_831' title='bbox 3196 4808 3319 4880; x_wconf 83' lang='grc' dir='ltr'><strong>Θεῷ</strong></span> <span class='ocrx_word' id='word_1_832' title='bbox 3353 4826 3372 4842; x_wconf 87' lang='grc'><em>·</em></span> <span class='ocrx_word' id='word_1_833' title='bbox 3404 4814 3492 4865; x_wconf 82' lang='grc' dir='ltr'><strong>ὅτι</strong></span> 
     </span>
     <span class='ocr_line' id='line_1_108' title="bbox 1916 4897 3491 4972; baseline 0.001 -20"><span class='ocrx_word' id='word_1_834' title='bbox 1916 4899 2013 4952; x_wconf 75' lang='grc' dir='ltr'><strong>καὶ</strong></span> <span class='ocrx_word' id='word_1_835' title='bbox 2059 4898 2426 4969; x_wconf 67' lang='grc' dir='ltr'>κατήλλακται</span> <span class='ocrx_word' id='word_1_836' title='bbox 2471 4900 2548 4968; x_wconf 83' lang='grc' dir='ltr'><strong>τῷ</strong></span> <span class='ocrx_word' id='word_1_837' title='bbox 2585 4898 2701 4967; x_wconf 83' lang='grc' dir='ltr'><strong>Θεῷ</strong></span> <span class='ocrx_word' id='word_1_838' title='bbox 2752 4898 2822 4953; x_wconf 85' lang='grc' dir='ltr'><strong>δι’</strong></span> <span class='ocrx_word' id='word_1_839' title='bbox 2883 4903 3229 4971; x_wconf 69' lang='grc' dir='ltr'>επιστροφῆς,</span> <span class='ocrx_word' id='word_1_840' title='bbox 3286 4897 3491 4972; x_wconf 85' lang='grc' dir='ltr'>ῶσπερ</span> 
     </span>
     <span class='ocr_line' id='line_1_109' title="bbox 1914 4987 3493 5061; baseline 0.003 -22"><span class='ocrx_word' id='word_1_841' title='bbox 1914 4987 2119 5050; x_wconf 77' lang='grc' dir='ltr'>ἐκεῖνος</span> <span class='ocrx_word' id='word_1_842' title='bbox 2146 4989 2174 5040; x_wconf 82' lang='grc' dir='ltr'>ὁ</span> <span class='ocrx_word' id='word_1_843' title='bbox 2203 4988 2432 5054; x_wconf 76' lang='grc' dir='ltr'>ἄσωτος,</span> <span class='ocrx_word' id='word_1_844' title='bbox 2456 4989 2549 5041; x_wconf 70' lang='grc' dir='ltr'><strong>καὶ</strong></span> <span class='ocrx_word' id='word_1_845' title='bbox 2585 4988 2723 5059; x_wconf 88' lang='grc' dir='ltr'>πρὸς</span> <span class='ocrx_word' id='word_1_846' title='bbox 2739 4989 2839 5059; x_wconf 80' lang='grc' dir='ltr'><strong>τὴν</strong></span> <span class='ocrx_word' id='word_1_847' title='bbox 2863 4989 3137 5045; x_wconf 85' lang='grc' dir='ltr'>υίοθεσίαν</span> <span class='ocrx_word' id='word_1_848' title='bbox 3158 4991 3245 5044; x_wconf 72' lang='grc' dir='ltr'><strong>καὶ</strong></span> <span class='ocrx_word' id='word_1_849' title='bbox 3265 4989 3493 5061; x_wconf 83' lang='grc' dir='ltr'>ἀφθαρ-</span> 
     </span>
     <span class='ocr_line' id='line_1_110' title="bbox 1916 5078 3490 5152; baseline 0.004 -22"><span class='ocrx_word' id='word_1_850' title='bbox 1916 5078 2036 5132; x_wconf 86' lang='grc' dir='ltr'>σίαν</span> <span class='ocrx_word' id='word_1_851' title='bbox 2072 5078 2171 5149; x_wconf 81' lang='grc' dir='ltr'><strong>τὴν</strong></span> <span class='ocrx_word' id='word_1_852' title='bbox 2206 5078 2427 5149; x_wconf 82' lang='grc' dir='ltr'>πρώτην</span> <span class='ocrx_word' id='word_1_853' title='bbox 2460 5080 2655 5152; x_wconf 81' lang='grc' dir='ltr'>στολὴν</span> <span class='ocrx_word' id='word_1_854' title='bbox 2684 5080 2777 5134; x_wconf 80' lang='grc' dir='ltr'><strong>τοῦ</strong></span> <span class='ocrx_word' id='word_1_855' title='bbox 2804 5081 3146 5152; x_wconf 80' lang='grc' dir='ltr'>Πνεῦματος,</span> <span class='ocrx_word' id='word_1_856' title='bbox 3169 5081 3290 5137; x_wconf 73' lang='grc' dir='ltr'>ὅσον</span> <span class='ocrx_word' id='word_1_857' title='bbox 3322 5078 3490 5137; x_wconf 73' lang='grc' dir='ltr'>οὔπω</span> 
     </span>
     <span class='ocr_line' id='line_1_111' title="bbox 1914 5172 3488 5244; baseline 0.004 -21"><span class='ocrx_word' id='word_1_858' title='bbox 1914 5172 2136 5240; x_wconf 77' lang='grc' dir='ltr'>ἔρχεται</span> <span class='ocrx_word' id='word_1_859' title='bbox 2163 5172 2424 5241; x_wconf 78' lang='grc' dir='ltr'>μειζόνως</span> <span class='ocrx_word' id='word_1_860' title='bbox 2447 5190 2506 5226; x_wconf 89' lang='grc' dir='ltr'><strong>τε</strong></span> <span class='ocrx_word' id='word_1_861' title='bbox 2537 5174 2631 5227; x_wconf 73' lang='grc' dir='ltr'><strong>καὶ</strong></span> <span class='ocrx_word' id='word_1_862' title='bbox 2659 5174 3006 5244; x_wconf 81' lang='grc' dir='ltr'>κρειττόνως,</span> <span class='ocrx_word' id='word_1_863' title='bbox 3050 5176 3141 5230; x_wconf 85' lang='grc' dir='ltr'><strong>διά</strong></span> <span class='ocrx_word' id='word_1_864' title='bbox 3179 5172 3275 5229; x_wconf 80' lang='grc' dir='ltr'><strong>τοῦ</strong></span> <span class='ocrx_word' id='word_1_865' title='bbox 3335 5175 3488 5229; x_wconf 84' lang='grc' dir='ltr'>θείου</span> 
     </span>
     <span class='ocr_line' id='line_1_112' title="bbox 1916 5261 3490 5337; baseline 0.003 -23"><span class='ocrx_word' id='word_1_866' title='bbox 1916 5261 2309 5331; x_wconf 82' lang='grc' dir='ltr'>βαπτίσματος.</span> <span class='ocrx_word' id='word_1_867' title='bbox 2342 5263 2460 5316; x_wconf 81' lang='grc' dir='ltr'><strong>Ἵνα</strong></span> <span class='ocrx_word' id='word_1_868' title='bbox 2490 5264 2544 5317; x_wconf 86' lang='grc' dir='ltr'><strong>δὲ</strong></span> <span class='ocrx_word' id='word_1_869' title='bbox 2573 5264 2666 5318; x_wconf 77' lang='grc' dir='ltr'><strong>καὶ</strong></span> <span class='ocrx_word' id='word_1_870' title='bbox 2691 5267 2725 5335; x_wconf 79' lang='grc' dir='ltr'><strong>ὴ</strong></span> <span class='ocrx_word' id='word_1_871' title='bbox 2751 5264 3056 5335; x_wconf 77' lang='grc' dir='ltr'>ἐπιστροφὴ</span> <span class='ocrx_word' id='word_1_872' title='bbox 3105 5266 3201 5319; x_wconf 70' lang='grc' dir='ltr'><strong>καὶ</strong></span> <span class='ocrx_word' id='word_1_873' title='bbox 3228 5266 3265 5337; x_wconf 76' lang='grc' dir='ltr'>ἠ</span> <span class='ocrx_word' id='word_1_874' title='bbox 3295 5264 3490 5334; x_wconf 82' lang='grc' dir='ltr'>ὁμολο-</span> 
     </span>
     <span class='ocr_line' id='line_1_113' title="bbox 1911 5348 3483 5428; baseline 0.004 -23"><span class='ocrx_word' id='word_1_875' title='bbox 1911 5355 2037 5421; x_wconf 77' lang='grc' dir='ltr'>γίαν</span> <span class='ocrx_word' id='word_1_876' title='bbox 2058 5353 2304 5424; x_wconf 72' lang='grc' dir='ltr'>ἀσφαλὴς</span> <span class='ocrx_word' id='word_1_877' title='bbox 2331 5348 2387 5428; x_wconf 76' lang='grc' dir='ltr'><strong>ᾖ,</strong></span> <span class='ocrx_word' id='word_1_878' title='bbox 2421 5356 2514 5409; x_wconf 70' lang='grc' dir='ltr'><strong>καὶ</strong></span> <span class='ocrx_word' id='word_1_879' title='bbox 2535 5358 2625 5408; x_wconf 83' lang='grc' dir='ltr'><strong>τὸν</strong></span> <span class='ocrx_word' id='word_1_880' title='bbox 2649 5355 2907 5426; x_wconf 82' lang='grc' dir='ltr'>ἀνάδοχον</span> <span class='ocrx_word' id='word_1_881' title='bbox 2928 5357 3084 5410; x_wconf 81' lang='grc' dir='ltr'>καλεῖ</span> <span class='ocrx_word' id='word_1_882' title='bbox 3111 5358 3141 5410; x_wconf 88' lang='grc' dir='ltr'>ό</span> <span class='ocrx_word' id='word_1_883' title='bbox 3166 5356 3483 5428; x_wconf 82' lang='grc' dir='ltr'>ἀρχιερεύς.</span> 
     </span>
     <span class='ocr_line' id='line_1_114' title="bbox 1913 5445 3488 5517; baseline 0 -18"><span class='ocrx_word' id='word_1_884' title='bbox 1913 5445 2023 5499; x_wconf 72' lang='grc' dir='ltr'><strong>Καὶ</strong></span> <span class='ocrx_word' id='word_1_885' title='bbox 2053 5447 2426 5516; x_wconf 76' lang='grc' dir='ltr'>προσκυνῆσαι</span> <span class='ocrx_word' id='word_1_886' title='bbox 2476 5447 2597 5517; x_wconf 77' lang='grc' dir='ltr'>τρὶς</span> <span class='ocrx_word' id='word_1_887' title='bbox 2655 5449 2800 5515; x_wconf 78' lang='grc' dir='ltr'>λέγει</span> <span class='ocrx_word' id='word_1_888' title='bbox 2842 5447 2920 5517; x_wconf 81' lang='grc' dir='ltr'><strong>τῷ</strong></span> <span class='ocrx_word' id='word_1_889' title='bbox 2977 5447 3375 5517; x_wconf 79' lang='grc' dir='ltr'>θυσιαστηρίῳ,</span> <span class='ocrx_word' id='word_1_890' title='bbox 3424 5448 3488 5499; x_wconf 65' lang='grc' dir='ltr'>ἐν</span> 
     </span>
     <span class='ocr_line' id='line_1_115' title="bbox 1908 5530 3487 5608; baseline -0.001 -19"><span class='ocrx_word' id='word_1_891' title='bbox 1908 5530 2062 5606; x_wconf 80' lang='grc' dir='ltr'>ᾧπερ</span> <span class='ocrx_word' id='word_1_892' title='bbox 2085 5539 2223 5590; x_wconf 86' lang='grc' dir='ltr'><strong>οίκεῖ</strong></span> <span class='ocrx_word' id='word_1_893' title='bbox 2249 5539 2277 5590; x_wconf 84' lang='grc' dir='ltr'><strong>ὁ</strong></span> <span class='ocrx_word' id='word_1_894' title='bbox 2301 5538 2454 5602; x_wconf 83' lang='grc' dir='ltr'>Θεὸς,</span> <span class='ocrx_word' id='word_1_895' title='bbox 2481 5538 2565 5592; x_wconf 72' lang='grc' dir='ltr'><strong>διὰ</strong></span> <span class='ocrx_word' id='word_1_896' title='bbox 2592 5538 2781 5592; x_wconf 84' lang='grc' dir='ltr'>τούτου</span> <span class='ocrx_word' id='word_1_897' title='bbox 2813 5536 3010 5608; x_wconf 86' lang='grc' dir='ltr'>δηλῶν,</span> <span class='ocrx_word' id='word_1_898' title='bbox 3039 5539 3116 5600; x_wconf 82' lang='grc' dir='ltr'><strong>ὡς</strong></span> <span class='ocrx_word' id='word_1_899' title='bbox 3154 5536 3314 5602; x_wconf 83' lang='grc' dir='ltr'>λόγον</span> <span class='ocrx_word' id='word_1_900' title='bbox 3347 5553 3487 5604; x_wconf 75' lang='grc' dir='ltr'>παρ-</span> 
     </span>
     <span class='ocr_line' id='line_1_116' title="bbox 1912 5627 3488 5702; baseline -0.001 -20"><span class='ocrx_word' id='word_1_901' title='bbox 1912 5629 2044 5698; x_wconf 80' lang='grc' dir='ltr'>έχει,</span> <span class='ocrx_word' id='word_1_902' title='bbox 2079 5628 2311 5698; x_wconf 81' lang='grc' dir='ltr'>φυλάξαι</span> <span class='ocrx_word' id='word_1_903' title='bbox 2341 5630 2597 5699; x_wconf 77' lang='grc' dir='ltr'>ἀσφαλῶς</span> <span class='ocrx_word' id='word_1_904' title='bbox 2624 5630 2683 5684; x_wconf 67' lang='grc' dir='ltr'><strong>ἐν</strong></span> <span class='ocrx_word' id='word_1_905' title='bbox 2709 5632 2775 5702; x_wconf 76' lang='grc' dir='ltr'><strong>τῇ</strong></span> <span class='ocrx_word' id='word_1_906' title='bbox 2806 5629 2988 5684; x_wconf 80' lang='grc' dir='ltr'>πίστει</span> <span class='ocrx_word' id='word_1_907' title='bbox 3011 5630 3104 5684; x_wconf 75' lang='grc' dir='ltr'><strong>καὶ</strong></span> <span class='ocrx_word' id='word_1_908' title='bbox 3152 5632 3218 5698; x_wconf 77' lang='grc' dir='ltr'>τῇ</span> <span class='ocrx_word' id='word_1_909' title='bbox 3266 5627 3488 5684; x_wconf 76' lang='grc' dir='ltr'>εὐσεδεῖ</span> 
     </span>
     <span class='ocr_line' id='line_1_117' title="bbox 1912 5717 3486 5794; baseline -0.003 -18"><span class='ocrx_word' id='word_1_910' title='bbox 1912 5720 2154 5794; x_wconf 62' lang='grc' dir='ltr'>πολιτείᾳ</span> <span class='ocrx_word' id='word_1_911' title='bbox 2205 5721 2299 5776; x_wconf 75' lang='grc' dir='ltr'><strong>τὸν</strong></span> <span class='ocrx_word' id='word_1_912' title='bbox 2354 5721 2767 5793; x_wconf 61' lang='grc' dir='ltr'>βαπτιζόμενον.</span> <span class='ocrx_word' id='word_1_913' title='bbox 2815 5719 2949 5777; x_wconf 73' lang='grc' dir='ltr'>Εἶτα</span> <span class='ocrx_word' id='word_1_914' title='bbox 3008 5721 3057 5776; x_wconf 89' lang='grc' dir='ltr'><strong>εί</strong></span> <span class='ocrx_word' id='word_1_915' title='bbox 3110 5719 3210 5792; x_wconf 78' lang='grc' dir='ltr'><strong>μὶν</strong></span> <span class='ocrx_word' id='word_1_916' title='bbox 3277 5717 3486 5790; x_wconf 70' lang='grc' dir='ltr'>βρέφος</span> 
     </span>
    </p>
   </div>
  </div>
 </body>
</html>
