3784 6125
262 321 361 384 m
1112 303 1492 383 svunoxt's
1525 321 2280 384 Tttsssssmxtcssxsts
2328 323 2687 386 Ancntsst’.
3420 326 3519 389 tta

255 446 354 499 tati
383 444 530 499 ettitn
585 454 832 498 creatur.»
880 440 1128 511 subjecta
1184 449 1292 506 est,
1328 457 1436 496 nott
1478 440 1686 501 volens.
1727 437 1823 492 sed
1856 441 1899 498 Α
1928 441 2107 503 κτίσις
2134 442 2279 511 αῦτη
2326 442 2645 511 γεγένηται,
2700 444 2796 497 καὶ
2845 443 2917 497 δι’
2962 443 3128 497 αὑτὸν
3162 444 3418 517 ὑπέκυψε
3446 449 3514 516 τῇ

251 543 476 603 propter
520 548 645 588 eum
679 534 772 605 qui
833 533 1066 602 subiecit
1117 548 1237 588 earn
1291 535 1345 587 in
1395 548 1512 603 spe.
1556 551 1575 583 ι
1611 531 1827 586 Stultus
1932 532 2132 604 φθορᾷ,
2162 533 2309 588 καθα
2340 552 2445 587 που
2484 536 2581 589 καὶ
2630 536 2847 597 Παῦλος
2892 538 3026 606 περὶ
3071 538 3267 599 τούτου
3331 540 3517 608 φησι,

257 630 441 676 antem
469 620 715 675 Barlaant
760 631 997 676 tnetttctn
1026 621 1081 675 itt
1117 621 1429 692 disciplinis
1458 637 1580 691 quae
1623 619 1688 675 ad
1730 637 1824 674 ar·
1936 644 1956 676 ι
1992 625 2072 696 Τῇ
2106 625 2217 694 γὰρ
2270 627 2597 695 ματαιότητι
2623 628 2656 698 η
2686 627 2867 690 κτίσις
2918 628 3194 699 ὑπετάγη.
3234 648 3253 680 t
3311 629 3515 698 λέγων,

253 721 360 768 tem
400 713 674 780 pertinent
703 715 891 769 rudem
916 723 1151 769 mentem
1181 715 1553 770 irrationalem
1583 723 1641 768 et
1675 724 1827 768 tene-
1935 735 1955 767 ι
1987 718 2087 786 οὐχ
2118 716 2344 784 ἑκοῦσα,
2374 718 2512 773 ἀλλὰ
2530 719 2622 772 διὰ
2643 722 2738 773 τὸν
2758 720 3108 788 ὑποτάξαντα
3136 722 3228 775 ἐπ’
3252 721 3438 776 ἐλπίδι
3466 743 3513 779 ι.

253 807 470 860 Ιιιοεαιιι
499 806 728 861 vocabat
784 807 874 863 ille
919 807 1317 877 nequissimus,
1366 806 1618 864 nesciens
1662 807 1827 862 bomo

251 910 426 951 vanus
449 897 707 966 quoniam
737 898 836 953 ista
868 899 1086 969 quidem
1133 910 1355 969 propter
1387 914 1490 955 nos
1521 910 1580 955 ut
1607 900 1824 966 corpori

255 988 609 1057 provideatur
642 992 1005 1062 praesentique
1040 993 1160 1047 vitae
1205 1004 1406 1049 nostrae
1442 995 1655 1064 prosint
1684 992 1824 1049 facta

256 1090 405 1143 sunt,
453 1083 558 1137 alia
609 1098 742 1139 vero
794 1094 978 1148 sunta
1010 1086 1120 1142 Deo
1167 1085 1323 1142 nobis
1365 1097 1667 1155 przeparata
1700 1095 1828 1141 ante

255 1176 728 1238 constitutionem.
769 1191 931 1249 prout
983 1179 1103 1249 ipse
1149 1180 1279 1235 olim
1328 1180 1509 1235 dixit:
1556 1200 1574 1233 t
1613 1178 1824 1244 Venite,

253 1267 530 1322 benedicti
562 1267 742 1325 Patris
783 1272 911 1334 ntei,
960 1273 1234 1339 possidete
1268 1283 1518 1342 paratum
1554 1274 1710 1327 vobis
1743 1289 1827 1327 re·

254 1373 418 1426 gnum
451 1374 480 1413 a
512 1360 912 1416 constitutione
955 1363 1167 1418 mundi.
1214 1382 1235 1417 ι
1275 1364 1422 1418 Bona
1462 1373 1645 1419 autem
1679 1364 1829 1419 illius

258 1450 430 1517 regni,
460 1450 533 1504 ait
558 1449 778 1516 Paulus,
832 1453 957 1508 talia
1013 1465 1140 1508 sunt
1189 1464 1250 1510 ut
1285 1475 1305 1507 ι
1341 1470 1439 1510 ttec
1491 1456 1686 1512 oculus
1714 1456 1828 1512 baee

256 1539 454 1594 viderit
516 1556 617 1595 nec
678 1544 826 1597 auris
882 1545 1158 1600 audiverit
1200 1561 1300 1600 nec
1342 1546 1397 1601 in
1452 1561 1549 1601 cor
1585 1545 1827 1602 bominis

258 1635 566 1695 ascenderit
602 1652 724 1705 quae
755 1639 1080 1706 praeparavit
1115 1637 1258 1693 Deus
1291 1638 1646 1707 diligentibus
1676 1654 1759 1694 se.
1801 1656 1822 1691 ι

259 1726 383 1781 l.h·o
439 1728 600 1784 docet
640 1728 898 1790 Dominus
941 1750 955 1787 ι
1002 1750 1022 1785 ι
1057 1731 1265 1786 Coelutn
1319 1741 1374 1786 et
1422 1741 1562 1786 terra
1619 1731 1829 1786 transi·

260 1812 429 1888 hunt3
460 1840 477 1873 t
510 1822 867 1893 prohibetque
897 1822 1100 1880 Paulus
1128 1839 1197 1880 ue
1219 1824 1286 1879 de
1316 1824 1402 1879 his
1433 1840 1555 1893 qum
1581 1824 1831 1881 videntur

260 1913 480 1968 solliciti
509 1914 686 1970 sinttts
703 1931 721 1982 ;
753 1930 878 1970 natn
909 1932 1031 1987 quae
1052 1918 1311 1973 videntur
1336 1918 1658 1986 temporalia
1680 1928 1828 1984 sunt,

258 2020 383 2072 quae
411 2016 590 2060 autem
620 2021 728 2061 non
760 2009 1014 2064 videntur
1050 2020 1252 2065 aeterna
1287 2021 1435 2066 sunt.
1485 2009 1589 2065 Et:
1634 2029 1654 2061 ι
1693 2010 1831 2066 Coeli

259 2095 404 2153 eicttt
427 2098 561 2152 liber
585 2098 1080 2169 complicabuntur-5
1101 2120 1122 2154 ι
1144 2102 1392 2172 dixitque
1416 2102 1640 2158 Petrus:
1667 2103 1831 2159 «coeti

258 2189 476 2260 quidem
513 2205 710 2262 magno
735 2192 968 2250 stridore
1000 2194 1339 2259 transibunt,
1381 2195 1650 2251 eletnenta
1703 2211 1834 2251 vero

259 2284 440 2336 calore
481 2283 796 2350 solventur3
829 2294 972 2339 terra
1017 2294 1199 2341 autent
1235 2296 1291 2342 et
1318 2302 1442 2357 qua
1471 2289 1524 2341 in
1555 2287 1668 2357 ipsa
1703 2299 1833 2343 sunt

261 2388 425 2442 opera
478 2384 801 2432 exurentur.
838 2396 857 2428 ι
892 2379 958 2432 At
1015 2379 1101 2433 itis
1145 2379 1403 2435 omnibus
1440 2381 1832 2447 dissolvendis,

261 2467 453 2537 quales
478 2483 577 2523 nos
602 2483 723 2524 esse
746 2470 1008 2539 oportet?
1032 2469 1283 2526 Profecto
1313 2471 1368 2526 in
1394 2483 1585 2527 sancta
1607 2487 1837 2528 court-r·

263 2561 480 2617 satione
529 2563 901 2634 operibusque
936 2564 1174 2634 pietatis?
1203 2573 1586 2634 exspectantes
1620 2566 1834 2621 Domini

265 2652 437 2707 nostri
470 2649 601 2708 lesu
626 2652 833 2709 Christi
864 2652 1180 2717 adventurn,
1210 2652 1280 2708 de
1312 2669 1421 2724 quo
1449 2670 1552 2710 uos
1579 2670 1702 2712 esse
1725 2657 1832 2711 snl·

264 2744 446 2800 lit-itos
471 2751 711 2814 oportet.
745 2743 1003 2811 Qnaenam
1049 2747 1192 2799 enirn
1245 2745 1454 2801 utilitas
1482 2762 1549 2801 ex
1594 2758 1839 2803 contem·

267 2839 506 2906 piatione
535 2849 915 2894 creaturarum
935 2839 959 2891 2
976 2840 1255 2906 Quantum
1283 2839 1406 2893 intle
1422 2848 1603 2907 torpet
1620 2840 1801 2895 anima
1819 2842 1834 2894 l

266 2927 541 2995 Quantum
576 2928 700 2985 inde
732 2930 1077 2985 conteritur!
1112 2932 1216 2985 nisi
1257 2932 1421 2985 etiatu
1457 2930 1583 2987 inde
1622 2940 1839 2987 crescat

269 3021 646 3096 praeumptio.
671 3023 949 3096 impiaque
981 3023 1202 3095 superbi
1233 3025 1581 3082 tenebrarum
1612 3026 1842 3098 spiritus

1940 809 2002 861 Ὀ
2032 808 2092 861 δέ
2130 826 2193 876 γε
2228 810 2491 876 ἀσύνετος
2517 811 2792 883 Βαρλαάμ
2818 811 2945 865 νοῦν
2998 813 3093 867 τὸν
3124 813 3204 883 μὴ
3238 815 3372 884 περὶ
3407 814 3518 867 τῶν

1933 903 2276 974 μαθημάτων
2331 906 2442 959 τῶν
2495 906 2764 976 ἐντέχνων
2815 906 2998 960 εἰδότα
3057 906 3186 961 νοῦν
3240 908 3439 974 ἀλογον
3490 910 3521 963 ὁ

1928 995 2159 1061 δείλαιος
2179 996 2447 1051 ἀπεκάλει
2473 998 2568 1051 ιιαλΙ
2588 998 2889 1057 σκοτεινὸν,
2914 1000 2991 1070 μὴ
3014 997 3172 1062 εἰδὼς
3196 1001 3226 1052 ὁ
3257 1000 3516 1067 μάταιος,

1928 1086 2006 1149 ὡς
2034 1088 2209 1141 ταῦτα
2249 1088 2351 1155 μὶν
2403 1087 2473 1141 δι’
2502 1086 2671 1158 ἡμᾶς,
2703 1089 2803 1141 καὶ
2854 1089 2943 1143 ἵνα
2998 1090 3071 1142 τὰ
3108 1089 3207 1144 τοῦ
3261 1087 3528 1158 σώματος,

1928 1178 2221 1248 διοικῆται,
2249 1180 2343 1232 καὶ
2375 1181 2453 1240 είς
2484 1179 2686 1249 χρῆσιν
2729 1173 2833 1234 «tm
2867 1181 2969 1251 τῆς
3022 1181 3312 1251 παρούσης
3357 1182 3515 1251 ἡμῶν

1931 1268 2099 1340 ζωῆς.
2131 1271 2297 1341 ἔτερα
2320 1270 2367 1326 δ’
2393 1272 2501 1325 εἰσὶ
2530 1272 2602 1324 τὰ
2634 1272 2742 1340 πρὸ
2774 1272 3086 1342 καταδολῆς
3111 1272 3320 1341 κόαμου
3370 1274 3517 1341 ἡτοι-

1934 1361 2189 1432 μασμὲνα
2215 1364 2347 1432 ἡμῖν
2394 1363 2549 1434 παρὰ
2574 1362 2671 1417 τοῦ
2700 1362 2861 1431 Θεοῦ,
2888 1362 2966 1427 ὡς
2999 1363 3166 1427 αύτδς
3196 1364 3316 1434 ἐρεῖ
3336 1367 3466 1417 τότε
3496 1381 3514 1397 ·

1938 1470 1958 1504 ι
1982 1451 2171 1520 Δεῦτε,
2191 1454 2240 1507 οῖ
2266 1435 2627 1528 εὐλογημένοι
2656 1455 2751 1508 τοῦ
2780 1455 2993 1525 Πατρός
3021 1472 3148 1526 μου,
3172 1456 3517 1527 κληρονομή-

1932 1558 2064 1595 σατε
2115 1542 2216 1614 τὴν
2262 1544 2682 1616 ἡτοιμασμένην
2712 1546 2843 1616 ύμῖν
2880 1544 3160 1616 βασιλείαν
3192 1548 3303 1601 ἀπὸ
3344 1565 3511 1601 κατα·

1932 1635 2098 1706 δολῆς
2126 1637 2357 1705 κόσμου.
2386 1655 2407 1689 ι
2448 1638 2530 1692 Τὰ
2556 1638 2613 1692 δὲ
2643 1637 2744 1708 τῆς
2768 1638 3045 1709 βασιλείας
3064 1639 3281 1711 ἐκείνης
3310 1638 3449 1706 ἀγαθ
3462 1643 3511 1703 α,

1934 1730 2071 1795 φησι
2106 1726 2344 1791 Παῦλος,
2370 1728 2621 1794 τοιαῦτα,
2646 1729 2731 1783 ὅτι
2764 1748 2785 1783 ε
2834 1729 3150 1801 Ὅφθαλμδς
3202 1730 3380 1786 ταῦτα
3413 1732 3511 1785 οὑκ

1933 1816 2065 1885 οἶδε,
2097 1822 2193 1876 καὶ
2218 1817 2313 1887 οῦς
2349 1823 2451 1876 οὐκ
2479 1822 2705 1893 ἤκουσε.
2755 1823 2851 1877 καὶ
2911 1824 3004 1878 ἐπὶ
3035 1822 3265 1892 καρδίαν·
3304 1822 3515 1890 ἀνθρώ-

1934 1930 2039 1969 που
2069 1916 2172 1968 οὑκ
2193 1915 2386 1985 ἀνέόη.
2415 1914 2452 1969 ἀ
2485 1914 2788 1985 ἡτοίμασεν
2832 1918 2862 1969 ὁ
2907 1914 3043 1978 Θεδς
3077 1919 3193 1976 τοῖς
3222 1916 3515 1983 ἀγαπῶσιν

1934 2006 2095 2060 αὐτόν
2133 2026 2179 2060 ι.
2217 2008 2327 2062 Καὶ
2345 2008 2426 2060 ὅτι
2454 2007 2483 2060 ὁ
2522 2007 2755 2077 οὐρανὸς
2787 2010 2938 2080 καὶὴ
2966 2011 3036 2079 γῆ
3073 2008 3511 2077 παρελεύσονται

1933 2099 2178 2153 διδάσκει
2201 2100 2231 2152 δ
2256 2100 2481 2170 Κύριος.
2510 2102 2624 2155 Καὶ
2650 2102 2712 2155 ού
2739 2100 2822 2155 δεῖ
2845 2101 2974 2171 περὶ
2997 2100 3105 2156 τῶν
3158 2099 3513 2171 βλεπομένων

1934 2193 2108 2263 ἡμᾶς,
2143 2191 2354 2255 Παῦλος
2386 2209 2545 2261 φησι,
2585 2194 2882 2262 μεριμνᾷν.
2915 2192 2998 2249 Τὰ
3049 2192 3162 2262 γὰρ
3201 2191 3513 2262 βλεπόμενα

1936 2285 2269 2355 πρόσκαιρα.
2293 2284 2362 2337 τὰ
2389 2284 2448 2339 δὲ
2479 2283 2556 2354 μὴ
2593 2284 2905 2354 βλεπόμενα
2950 2284 3171 2339 αἰώνια.
3204 2284 3318 2337 Καὶ
3368 2287 3399 2337 ὀ
3423 2284 3515 2337 ού-

1886 2393 1896 2402 ·
1941 2377 2101 2447 ρανδς
2129 2376 2484 2447 είληθήσεται
2512 2376 2589 2438 ὡς
2634 2376 2861 2447 βιὸλίον.
2922 2377 3031 2429 Καὶ
3059 2375 3271 2445 Πέτρος
3325 2380 3513 2445 φησὶν,

1945 2488 1965 2523 ι
1997 2470 2234 2541 Οὐρανοὶ
2268 2469 2370 2537 μὲν
2402 2468 2653 2540 ῥοιζηδὸν
2688 2467 3148 2537 παρελεύσονται,
3190 2472 3436 2539 στοιχεῖα
3457 2467 3517 2524 δὲ

1937 2561 2293 2631 καυσούμενα
2347 2558 2713 2630 λυθήσονται·
2750 2563 2847 2613 καὶ
2894 2563 2966 2630 γῆ
2998 2563 3092 2615 καὶ
3136 2562 3209 2615 τὰ
3258 2562 3320 2616 εν
3372 2563 3512 2633 αὐτῇ

1937 2655 2118 2709 πάντα
2143 2654 2579 2721 κατακαήσεται.
2610 2673 2629 2705 ι
2666 2652 2891 2707 Τούτων
2909 2653 2965 2707 δὲ
2991 2654 3212 2708 πάντων
3233 2654 3515 2725 λυομένων

1940 2746 2216 2809 ποταποὺς
2240 2746 2321 2800 δεῖ
2351 2741 2492 2801 εἶναι
2535 2746 2723 2816 ημᾶ;;
2764 2744 2857 2799 Ὲν
2906 2745 3096 2814 ἀγίαις
3145 2748 3517 2817 ἀναστροφαῖς

1939 2842 2035 2894 καὶ
2088 2839 2421 2903 εὗσεδείαις,
2481 2838 2957 2907 ἀπεκδεχομένους
3005 2841 3107 2906 τὴν
3157 2836 3255 2891 τοῦ
3307 2838 3517 2909 Κυρίου

1940 2933 2100 3005 ὴμῶν
2143 2933 2320 3004 Ἰησοῦ
2353 2930 2593 2999 Χριστοῦ
2642 2932 2976 3001 παρουσίαν,
3026 2933 3159 3001 περὶ
3199 2926 3269 3000 ἧς
3316 2932 3385 3000 δὴ
3422 2934 3519 2986 καὶ

1945 3028 2254 3101 φροντίζειν
2278 3028 2428 3098 ἡμᾶς
2454 3023 2653 3096 χρεῶν.
2711 3023 2778 3079 Τί
2805 3022 2916 3095 γὰρ
2969 3025 3029 3078 τὸ
3052 3023 3247 3094 ὄφελος
3300 3026 3370 3080 ῖκ
3422 3011 3522 3098 τῆς

270 3117 456 3188 opinio
485 3117 760 3173 mentibus
795 3117 1009 3174 insanis
1037 3118 1335 3174 inseratur.
1378 3119 1534 3186 Quod
1570 3136 1679 3177 non
1708 3121 1842 3192 ipsae
1865 3113 1911 3173 C
1942 3122 2052 3176 τῶν
2082 3121 2402 3190 κτισμάτων
2430 3117 2664 3189 Θεωρίας
2690 3132 2707 3186 ;
2739 3119 2872 3170 ποία
2902 3117 2969 3170 ἐκ
3006 3116 3215 3172 τούτων
3242 3118 3522 3189 ἀπάθειας

273 3211 476 3268 iaciunt
499 3219 765 3268 creaturae
788 3225 914 3267 cum
936 3211 1095 3267 bona
1115 3211 1228 3267 sint
1249 3218 1438 3282 utpote
1460 3227 1492 3268 a
1519 3213 1665 3269 bono
1691 3228 1844 3270 crea-

271 3315 411 3361 turae
446 3304 703 3371 conditae,
759 3307 854 3359 sed
918 3303 1154 3360 sollicita
1216 3319 1403 3360 earum
1447 3304 1843 3373 consideratio,

271 3413 435 3468 quant
495 3396 924 3467 contemplatum
998 3404 1302 3465 apostatam
1364 3396 1556 3453 dicunt
1615 3397 1844 3468 quidam

276 3491 622 3556 (sublimiore
666 3490 813 3546 enim
853 3490 1318 3560 contemplatione
1357 3491 1556 3560 dignus
1583 3504 1710 3544 „nou
1740 3489 1846 3546 fuit

278 3586 368 3640 ille
413 3584 486 3642 ab
539 3584 701 3640 initio
728 3583 1125 3655 gloriabundus
1171 3593 1226 3640 et
1251 3580 1721 3641 insolentissimus
1750 3582 1846 3652 qui

276 3689 459 3734 tamen
487 3691 703 3732 suntmo
727 3675 1049 3748 angelorum
1086 3678 1267 3735 ordini
1295 3677 1572 3747 praeerat).
1597 3674 1724 3730 dum
1761 3677 1849 3732 in-

277 3778 488 3826 tueretu
499 3786 525 3824 r
539 3769 922 3840 superbivisse,
938 3785 1104 3840 seque
1117 3770 1398 3839 jactitasse
1415 3769 1674 3825 thronum
1688 3783 1847 3825 sunm

279 3881 445 3936 super
473 3863 646 3921 nubes
661 3873 715 3918 et
732 3872 876 3919 astra
899 3865 1229 3934 positurum,
1252 3865 1597 3936 similemque
1616 3862 1736 3920 rore
1757 3863 1852 3919 ΔΙ-

281 3960 514 4024 tissimo,
531 3958 624 4028 qui
639 3956 978 4012 Altissimutn
995 3974 1101 4014 non
1122 3960 1505 4030 cognoscebat.
1523 3957 1680 4013 llunc
1699 3972 1854 4014 meus

277 4050 459 4107 ontnis
477 4063 693 4118 semper
712 4067 726 4099 t
742 4049 1068 4120 ontempiari
1088 4051 1248 4107 debet
1269 4049 1416 4106 velut
1444 4058 1679 4105 mentem
1695 4058 1852 4105 aeter-

216 4139 221 4143 ’
281 4159 405 4199 nam
430 4141 642 4196 Patrem
666 4155 790 4198 cum
811 4141 992 4198 Verbo
1013 4151 1069 4197 et
1093 4142 1323 4213 Spiritu,
1351 4152 1402 4199 et
1425 4158 1550 4197 eum
1573 4151 1851 4212 appetere,

280 4247 442 4304 ntqne
453 4235 520 4291 ad
534 4250 658 4292 eum
675 4245 1047 4293 creaturarum
1067 4238 1326 4290 faetorem
1342 4237 1598 4290 continua
1617 4246 1855 4302 propen-

282 4329 438 4384 sione
458 4330 698 4394 tendere.
712 4335 767 4382 et
786 4341 910 4382 eum
935 4328 990 4380 ln
1012 4326 1231 4379 silentio
1252 4325 1485 4382 adorare
1504 4322 1856 4396 quemadmo-

1944 3211 2077 3267 ποία
2097 3210 2280 3281 ψυχῆς
2310 3208 2608 3280 συντρι6η;
2637 3210 2688 3262 εί
2742 3208 2819 3279 μὴ
2857 3207 2950 3262 καὶ
2983 3206 3163 3274 οῖησιν
3193 3210 3523 3281 προστίθησι

1949 3305 2173 3377 μᾶλλον.
2199 3303 2296 3358 καὶ
2323 3305 2446 3366 ταῖς
2476 3301 2587 3356 τῶν
2616 3302 2872 3371 ἀφρόνων
2914 3299 3117 3370 ψυχαῖς
3142 3302 3244 3372 τὴν
3275 3302 3374 3356 τοῦ
3402 3321 3527 3357 σχο-

1946 3397 2128 3454 τεινοῦ
2155 3395 2274 3460 νοὸς
2297 3396 2392 3449 καὶ
2408 3393 2762 3463 ὑπερηφάνου
2784 3393 3031 3447 ἀντίθεον
3054 3392 3286 3465 γνώμην
3307 3396 3523 3466 &velo-1¹.

1950 3508 2056 3546 σιν.
2085 3491 2160 3544 oe
2199 3489 2269 3542 τὰ
2298 3488 2576 3558 κτίσματα
2600 3486 2656 3541 δὲ
2698 3486 2859 3541 τοῦτο
2890 3490 3054 3550 ποιεῖ,
3089 3488 3232 3541 καλά
3283 3490 3398 3560 γάρ
3452 3491 3528 3553 ὡς

1948 3585 2046 3638 καὶ
2077 3581 2246 3638 καλοῦ
2294 3581 2594 3648 κτίσματα,
2623 3578 2742 3634 ἀλλ’
2797 3582 2831 3650 ἡ
2869 3580 3162 3650 περίεργος
3201 3582 3433 3653 θεωρία,
3461 3585 3528 3652 ην

1950 3676 2047 3730 καὶ
2074 3674 2431 3745 θεωρήσαντα
2462 3673 2555 3727 τὸν
2578 3671 2894 3741 ἀποστάτην
2942 3673 3076 3740 φασί
3122 3690 3272 3738 τινες
3305 3674 3392 3744 (οὑ
3421 3676 3529 3746 γὰρ

1951 3767 2290 3840 ὑψηλοτέρας
2304 3765 2512 3837 ἠξίωτο
2550 3763 2809 3834 θεωρίας,
2837 3763 2934 3817 ἀπ’
2965 3765 3143 3833 ἀρχῆς
3196 3767 3275 3819 ὢν
3313 3767 3533 3831 ἀλαζὼν

1954 3863 2049 3916 καὶ
2107 3860 2444 3930 ὑπέροφρυς,
2496 3855 2599 3924 τῆς
2642 3854 2962 3918 τελευταίας
3009 3855 3067 3909 δὲ
3114 3856 3226 3910 τῶν
3274 3858 3530 3926 ἀγγέλων

1954 3952 2171 4024 ὑπῆρχε
2219 3947 2448 4019 τάξεως)
2502 3943 2916 4015 ὑπερφρονῆσαι
2973 3946 3032 3998 ἐν
3081 3945 3160 4013 τῷ
3216 3946 3375 4011 ἰδεῖν,
3438 3951 3532 4001 καὶ

1954 4046 2130 4102 θεῖναι
2160 4036 2773 4111 καυχήσασθαιῖπάνω
2818 4036 2927 4090 τῶν
2973 4036 3214 4104 νεφελῶν
3266 4042 3369 4094 καὶ
3423 4042 3531 4094 τῶν

1954 4140 2176 4207 ἄστρων
2236 4133 2329 4186 τὸν
2385 4131 2579 4202 θρόνον
2639 4128 2828 4192 αὐτοῦ.
2887 4132 2984 4184 καὶ
3011 4129 3200 4198 ὅμοιον
3254 4127 3408 4186 εἶναι
3457 4134 3539 4203 τῷ

1966 4227 2230 4298 “rtpltr‘ttqt²
2271 4222 2347 4292 μὴ
2381 4221 2558 4274 εἰδότα
2585 4221 2679 4274 τὸν
2709 4216 2998 4293 ’Υψιστοι
3053 4224 3151 4275 ’ον
3188 4221 3272 4276 δεῖ
3303 4221 3541 4294 θεωρεῖν

1960 4318 2137 4376 πάντα
2163 4311 2292 4368 νοῦν
2309 4310 2399 4366 ἀεὶ
2420 4311 2497 4377 ὡς
2515 4312 2623 4382 50
2637 4313 2873 4384 ἀναρχον
2891 4309 3022 4365 ὄντα
3049 4312 3176 4367 νοῦν
3200 4314 3295 4368 τὸν
3315 4317 3542 4391 Πατέρα

283 4422 411 4476 dum
429 4423 629 4491 angeli3
648 4419 854 4488 Deique
866 4428 1029 4485 opera
1048 4428 1299 4483 quaenam
1316 4413 1673 4471 sintintuitus
1688 4414 1852 4471 bomo
1877 4447 1932 4509 D
1960 4413 2056 4467 σὺν
2084 4409 2163 4478 τῷ
2190 4407 2351 4477 Λόγῳ
2398 4407 2493 4459 καὶ
2542 4404 2847 4474 Πνεύματι,
2878 4404 2972 4459 καὶ
3026 4406 3161 4475 πρὸς
3211 4407 3381 4462 αὐτὸν
3444 4411 3541 4479 τὴν

285 4516 443 4570 debet
459 4510 758 4569 secundum
774 4507 995 4579 angelos
1012 4521 1404 4579 agere,nempe
1423 4523 1544 4564 eunt
1564 4506 1782 4579 hymnis
1797 4518 1852 4564 et
1960 4503 2147 4573 ῐφεσιν
2179 4499 2348 4571 ἔχειν,
2385 4499 2479 4553 καὶ
2509 4497 2651 4567 πρὸς
2682 4497 2850 4550 αὐτὸν
2881 4498 2971 4552 ἀεὶ
2998 4498 3405 4564 ἀνατείνεσθαι.
3439 4502 3540 4556 τὸν

286 4605 538 4660 laudibus
557 4601 858 4658 celebrare.
889 4599 981 4656 Ait
1012 4599 1197 4656 enirn:
1228 4617 1248 4652 ι
1283 4597 1516 4665 Quando
1543 4596 1687 4653 facta
1725 4607 1856 4654 sunt

288 4706 459 4763 astra,
488 4695 888 4751 laudabantnte
923 4708 1056 4750 voce
1079 4707 1276 4764 magna
1306 4705 1497 4748 omnes
1532 4691 1709 4763 angeli
1749 4691 1856 4746 mei

292 4792 616 4859 hymnisque
647 4787 938 4843 ornabant.
979 4806 998 4838 ι
1027 4785 1255 4841 Vidcn’?
1286 4782 1581 4839 humilitati
1626 4792 1774 4845 sunt,
1805 4793 1861 4837 et

291 4881 476 4939 statim
502 4882 570 4936 ad
600 4880 1115 4950 contemplationem
1170 4891 1226 4934 et
1267 4860 1715 4946 glorificationem
1765 4872 1858 4928 Dei

293 4987 524 5033 ntentetn
563 4984 879 5038 erexerunt,
928 4973 1188 5045 quoniam
1249 4970 1367 5039 ipse
1397 4968 1641 5022 omnium
1677 4964 1860 5022 Domi·

297 5086 436 5140 nus3
471 5084 645 5140 neque
680 5076 898 5138 propter
924 5081 1072 5131 eum,
1108 5063 1205 5119 sed
1242 5071 1460 5132 propter
1500 5075 1619 5128 nos,
1657 5070 1718 5116 ut
1758 5074 1861 5113 no·

295 5178 409 5222 stra
439 5169 696 5232 regantur
728 5176 957 5231 cot-pora
997 5157 1234 5214 visibilia
1294 5155 1560 5218 condidit,
1607 5153 1858 5208 invisibi-

296 5259 367 5313 tta
399 5265 580 5311 autem
610 5265 671 5310 ut
699 5253 898 5309 anitnis
947 5251 1153 5307 nostris
1189 5249 1499 5320 proficiant.
1532 5247 1664 5313 Qnae
1697 5246 1866 5314 igitur

300 5352 511 5407 utilitas
574 5353 620 5407 si
674 5346 742 5403 de
798 5345 884 5401 his
933 5341 1382 5411 corruptibilibus
1429 5337 1652 5394 solliciti
1692 5337 1866 5393 simus

301 5460 426 5517 quae
450 5441 798 5499 studentibus
850 5453 960 5494 non
1017 5445 1271 5508 prosunt,
1327 5432 1430 5489 nisi
1488 5431 1611 5503 quis
1663 5429 1754 5485 illa
1779 5444 1869 5484 so-

302 5537 583 5594 lummodo
622 5534 879 5605 inspiciat
928 5539 989 5586 ut
1041 5528 1150 5584 neo
1194 5526 1399 5598 gratias
1454 5534 1510 5581 et
1554 5521 1742 5578 laudes
1771 5521 1871 5577 tri-

305 5633 458 5696 buat,
499 5638 559 5685 ut
587 5628 766 5684 solent
797 5624 997 5689 sancti,
1033 5630 1090 5676 et
1135 5617 1306 5675 David
1359 5617 1504 5675 istud
1541 5622 1770 5671 testatur
1812 5613 1867 5667 in

305 5722 493 5779 tnnltis
521 5719 746 5792 psaltnis
769 5730 934 5790 opera
990 5711 1084 5770 Dei
1133 5709 1500 5782 praedicando.
1564 5705 1659 5760 llle
1689 5711 1868 5758 autem

293 5814 624 5887 wimundus
657 5813 775 5872 haec
808 5810 1033 5870 omnino
1064 5807 1268 5866 oblitus
1298 5796 1870 5879 Graecorum-ineptias

1959 4595 2191 4665 ποιητὴν
2241 4593 2356 4647 τῶν
2404 4592 2744 4659 κτισμάτων.
2801 4590 2897 4644 καὶ
2950 4587 3201 4655 δοξάζειν
3252 4591 3539 4662 ἀσιγήτως

1958 4688 2122 4744 αὐτὸν
2148 4685 2223 4749 ὡς
2239 4686 2290 4739 οἱ
2318 4683 2563 4753 ἀγγελοι,
2588 4682 2683 4751 καὶ.
2707 4680 2851 4734 κατὰ
2882 4680 3010 4745 τοὺς
3032 4681 3300 4749 ἀγγέλους
3332 4685 3531 4749 ποιεῖν,

1959 4775 2270 4846 θεωροῦντα
2296 4774 2416 4827 τίνα
2445 4773 2515 4825 τὰ
2536 4771 2628 4825 τοῦ
2658 4769 2794 4824 Θεοῦ
2824 4771 3122 4842 κτίσματα,
3149 4771 3341 4841 ὑμνεῖν
3369 4775 3536 4828 αὐτὸν

1961 4877 2057 4928 καὶ
2073 4852 2395 4937 δοξολογεῖν.
2425 4867 2590 4920 «Ὅτε
2618 4884 2639 4918 ι
2664 4865 2796 4935 γὰρ,
2822 4865 3010 4936 φησὶν,
3040 4883 3060 4918 ι
3090 4864 3306 4931 ἐγένετο
3323 4864 3531 4934 ἄστρα,

1961 4963 2251 5037 ᾗνεσάνμε
2293 4961 2442 5031 φωνῇ
2510 4956 2724 5030 μεγάλῃ
2756 4957 2958 5020 πάντες
3015 4957 3239 5024 ἀγγελοί
3292 4972 3398 5025 μου
3430 4957 3537 5010 καὶ

1966 5057 2234 5127 ὕμνησαν.
2268 5072 2286 5106 t
2330 5053 2542 5123 Ὀρᾷς;
2574 5049 3039 5116 Τεταπείνωνται,
3100 5053 3198 5102 καὶ
3242 5047 3377 5119 πρὸς
3431 5049 3541 5118 τὴν

1965 5146 2061 5201 τοῦ
2097 5145 2234 5200 Θεοῦ
2292 5144 2528 5215 θεωρίαν
2557 5144 2655 5196 καὶ
2703 5139 3016 5209 δοξολογίαν
3045 5139 3211 5204 εὐθὺς
3262 5141 3357 5193 τὸν
3407 5138 3544 5193 νοῦν

1965 5236 2223 5303 ἔστησαν·
2252 5234 2336 5287 ὅτι
2364 5234 2459 5287 καὶ
2487 5230 2651 5295 αὐτὸς
2686 5233 2907 5284 πάντων
2938 5229 3334 5300 παραγωγεὺς.
3358 5228 3457 5282 καὶ
3478 5229 3542 5283 οὐ

1965 5326 2032 5380 δι’
2065 5325 2228 5379 αὐτὸν
2264 5324 2330 5377 τὰ
2360 5323 2659 5392 κτίσματα,
2690 5321 2821 5376 ἀλλὰ
2843 5321 2911 5376 δι’
2941 5322 3114 5391 ἡμᾶς,
3141 5321 3229 5374 ἵνα
3265 5320 3542 5391 κυδερνᾶ·

1968 5437 2058 5474 ται
2090 5417 2247 5487 ἡμῶν
2274 5415 2343 5469 τὰ
2378 5419 2625 5485 σώματα.
2659 5417 2740 5470 Τὰ
2795 5416 2851 5470 δὲ
2878 5414 3019 5485 ὑπὲρ
3037 5414 3147 5469 τῶν
3169 5412 3365 5485 ψυχῶν
3384 5412 3547 5484 ἡμῶν

1970 5511 2336 5583 ἀκατανόητα.
2368 5508 2465 5573 Τίς
2518 5505 2611 5564 οὗν
2644 5509 2677 5579 η
2713 5507 2878 5578 χρεία
2937 5506 3208 5577 μεριμνᾷν
3267 5508 3403 5575 περὶ
3436 5508 3550 5565 τῶν

1973 5603 2250 5678 φθαρτῶν,
2285 5603 2381 5657 καὶ
2412 5602 2579 5673 μηδὲν
2609 5598 2965 5668 ὠφελούντων
3010 5600 3069 5652 ὲν
3097 5596 3180 5668 τῷ
3226 5602 3548 5664 κατανοεῖν,

1974 5703 2022 5754 εί
2057 5698 2130 5770 μή
2162 5714 2247 5762 τις
2272 5695 2628 5764 κατανοήσειε
2660 5691 2855 5764 μικρὸν
2874 5691 2962 5746 διά
2983 5692 3154 5762 μόνην
3181 5691 3549 5762 εὐχαριστίαν

1977 5791 2112 5849 Θεοῦ
2139 5791 2233 5846 καὶ
2261 5787 2587 5857 δοξολογίαν,
2620 5785 2696 5851 ὡς
2724 5787 2820 5841 καὶ
2862 5786 2973 5851 τοῖς
3003 5783 3180 5854 ἀγίοις
3218 5783 3343 5851 ἔθος
3385 5787 3509 5840 ἐστί
3522 5799 3545 5854 ;
