3784 6125
259 291 352 360 151

1088 304 1467 367 SYMEONIS
1517 305 2657 371 T111358ALONtcExsts=ARctttEP.

3384 299 3488 365 152

250 423 414 477 qnam
447 406 747 479 piscatores
778 412 978 466 mundo
1023 415 1468 483 praedicaverunt.
1501 430 1604 468 non
1639 415 1691 468 in
1726 429 1812 468 sa·
1840 419 1887 477 Α
1914 412 2064 483 λαὲμ
2121 415 2263 469 κατὰ
2325 415 2428 484 τῆς
2476 416 2738 488 ἀληθινῆς
2795 415 3009 486 σοφίας,
3065 414 3132 487 ἢν
3186 414 3360 476 ἁλιεῖς
3408 411 3488 480 τῷ

250 502 452 570 pientia
483 516 818 571 sermonum,
842 518 908 557 ne
933 513 1284 560 evacuaretur
1304 522 1432 560 crux
1461 507 1684 569 Christi,
1712 504 1806 561 sed

248 592 304 647 in
334 593 519 648 divino
543 593 787 662 Spiritu;
836 596 927 666 qni
985 598 1146 651 etiam
1182 606 1333 652 tanto
1375 596 1564 652 mundi
1594 598 1809 665 sapien-

250 684 399 738 tibus
431 686 827 753 praestiterunt,
859 690 1048 758 quanti
1105 687 1296 744 Patres
1345 691 1398 744 in
1435 689 1606 759 gratia
1639 688 1806 742 divini

250 772 486 842 Spiritus
537 776 784 832 Barlaam
846 781 1239 835 excelluerunt.
1270 778 1510 852 Nequam
1544 782 1646 837 iste
1674 782 1807 833 Bar-

248 864 393 918 laam
423 855 575 933 plura
599 870 761 923 etiam
804 881 992 924 contra
1051 888 1261 927 sacram
1317 873 1612 927 orationem
1667 873 1808 927 blas-

249 957 519 1025 phemans
550 962 903 1032 conscripsit,
935 979 1148 1019 necnon
1192 968 1418 1036 gratiam
1458 964 1550 1020 Dei
1582 974 1636 1019 et
1663 964 1810 1033 ejus·

250 1046 371 1100 «lem
402 1048 877 1120 illuminationem,
926 1055 1025 1110 has
1072 1071 1252 1123 voces,
1310 1077 1328 1110 ι
1369 1055 1498 1111 Sine
1533 1055 1808 1110 intermis-

251 1138 406 1193 sione
432 1151 606 1207 orate,
653 1161 671 1195 ι
716 1160 814 1199 nec
845 1146 1148 1216 intelligens
1185 1149 1355 1204 necis
1389 1150 1481 1219 qui
1516 1148 1685 1216 possit
1715 1161 1810 1201 eas

251 1226 574 1300 intelligere.
607 1233 741 1288 Nam
806 1240 1080 1308 quomodo
1138 1240 1460 1307 intelligeret
1519 1240 1609 1293 ille
1657 1236 1811 1307 cujus

255 1334 412 1375 niens
439 1327 664 1379 vanitati
690 1327 958 1396 subiacet,
990 1330 1082 1396 qni
1140 1331 1336 1385 animae
1381 1329 1809 1400 cogitationibus

253 1412 448 1481 angelo
487 1416 757 1484 superbiae
782 1418 1060 1473 adhaeret?
1096 1418 1281 1489 Neque
1312 1421 1505 1475 melius
1532 1421 1810 1489 sequentia

254 1502 463 1571 aceepit
498 1519 513 1558 τ
553 1521 570 1555 ι
611 1504 844 1560 Psallam
905 1509 1124 1579 spiritu,
1187 1510 1412 1579 psallam
1443 1520 1498 1564 et
1538 1517 1752 1575 mente;
1789 1527 1806 1558 ι

253 1591 336 1644 vel
368 1609 383 1647 t
424 1610 442 1645 ι
475 1593 769 1653 Cantantes
797 1607 853 1652 et
884 1601 1175 1666 psallentes
1211 1601 1262 1655 in
1283 1602 1448 1656 corde
1481 1608 1663 1657 vestro
1701 1600 1813 1656 Do·

255 1684 441 1753 tnino;
496 1706 514 1738 ι
575 1691 659 1743 vel
708 1708 724 1746 ε
764 1708 784 1743 ι
835 1690 981 1748 Misit
1041 1695 1180 1749 Deus
1237 1694 1499 1764 Spiritum
1563 1692 1682 1747 Filii
1727 1693 1810 1748 sui

1915 506 2107 573 κόσμῳ
2139 504 2429 575 ἐκήρυξαν,
2460 507 2521 560 ού
2571 507 2738 577 σοφίᾳ
2776 506 2973 574 λόγων,
3013 507 3100 559 ἵνα
3141 505 3220 577 μὴ
3270 506 3485 575 κειωθῇ

1915 596 1944 648 ό
1978 597 2205 663 σ·αυρδς
2248 597 2344 650 τοῦ
2392 598 2653 670 Χριστοῦ,
2685 598 2821 653 ἀλλὰ
2875 582 3359 668 Πνεύματιθείῳ·
3394 598 3490 649 καὶ

1914 686 2025 739 τῶν
2076 686 2171 741 τοῦ
2229 689 2437 753 κόσμου
2492 690 2675 759 σοφῶν
2722 689 3139 760 ύπερήρθησαν,
3173 688 3253 752 ὡς
3299 689 3400 742 καὶ
3440 688 3489 740 ol

1916 777 2157 845 Πατέρες
2191 779 2250 833 ἐν
2288 780 2472 849 χάριτι
2527 779 2843 849 Πνεύματος
2881 780 3028 833 θείου
3072 777 3170 832 τοῦ
3221 776 3491 846 Βαρλαὰμ

1917 867 2324 940 ύπερήρθησαν.
2356 865 2526 935 Οὗτος
2553 873 2580 925 ὁ
2609 870 2873 941 δύστηνος
2900 870 3169 940 Βαρλαὰμ
3198 869 3298 922 καὶ
3337 868 3494 921 πλεῖ-

1918 976 2019 1013 στα
2066 962 2207 1013 κατὰ
2249 962 2349 1027 τῆς
2410 962 2560 1033 ίερᾶς
2611 962 2930 1038 προσευχῇς
2974 958 3374 1029 ἐδλασφήμησέ
3432 973 3491 1011 τε

1916 1050 2011 1105 καὶ
2042 1052 2444 1122 συνεγράψατο,
2473 1055 2571 1107 καὶ
2609 1055 2712 1124 τῆς
2736 1053 2834 1108 τοῦ
2883 1052 3020 1107 Θεοῦ
3050 1051 3276 1123 χάριτός
3305 1067 3368 1103 τε
3397 1049 3492 1102 καὶ

1917 1141 2256 1212 ἐλλάμψεως,
2291 1144 2372 1210 τὸ,
2414 1164 2433 1197 ι
2483 1145 2875 1206 Ἀδιαλείπτως
2913 1143 3313 1213 προσεύχεσθε,
3348 1159 3369 1193 ι
3413 1141 3493 1207 μὴ

1919 1235 2120 1300 συνεὶς,
2158 1236 2293 1306 μηδὲ
2325 1236 2624 1307 δυνάμενος
2654 1238 2860 1306 γνῶναι
2884 1253 2901 1269 ·
2929 1236 3050 1299 πῶς
3085 1238 3196 1304 γὰρ
3238 1236 3267 1287 ό
3299 1232 3378 1303 τῷ
3411 1231 3493 1285 νοῒ

1920 1324 2273 1394 ματαιάζων,
2325 1328 2420 1383 καὶ
2468 1328 2544 1397 τῷ
2596 1328 2933 1400 ὑπερηφάνῳ
2980 1328 3101 1391 ταῖς
3162 1324 3493 1396 φαντασίαις

1918 1417 2016 1487 τῆς
2040 1416 2276 1482 διανοίας
2310 1419 2632 1489 ἐνούμενοςς
2677 1419 2811 1491 μηδὲ
2841 1418 2924 1481 τὸ,
2955 1435 2976 1470 ι
3006 1416 3387 1488 Προσεύξομαι
3416 1414 3494 1486 τῷ

1918 1512 2212 1581 πνεύματι,
2252 1512 2631 1582 προσεύξομαι
2671 1511 2729 1565 δὲ
2770 1508 2972 1580 καὶτῷ
3019 1510 3139 1562 νοῒ·
3177 1526 3198 1561 ι
3242 1508 3378 1576 μηδὲ
3407 1509 3492 1568 τὸ,

1926 1621 1944 1654 ι
1982 1602 2231 1673 ’ᾼδοντες
2270 1603 2363 1656 καὶ
2415 1601 2710 1671 ψάλλοντες
2758 1603 2817 1656 ἐν
2852 1604 2920 1671 τῇ
2966 1601 3168 1670 καρδῖᾳ
3216 1599 3375 1668 ὑμῶν
3414 1596 3493 1667 τῷ

1920 1692 2129 1761 Κυρίῳ,
2162 1711 2180 1745 ι
2219 1691 2313 1744 καὶ
2337 1692 2420 1745 ὅτι
2452 1709 2472 1744 ι
2505 1689 2920 1756 Ἐξαπέστειλεν
2954 1691 2982 1742 ὀ
3007 1690 3140 1753 Θεὸς
3167 1689 3231 1742 τὸ
3267 1688 3492 1755 Πνεῦμα

254 1782 474 1847 (nempe
505 1779 756 1852 gratiam)
814 1782 868 1836 in
910 1783 1162 1839 cordibus
1205 1786 1429 1849 nostris,
1480 1786 1532 1839 in
1564 1798 1673 1854 quo
1706 1784 1817 1837 cla·
1848 1787 1891 1843 B
1917 1783 2013 1837 τοῦ
2033 1782 2165 1836 Υίοῦ
2202 1782 2390 1846 αὑτοῦ,
2416 1802 2435 1834 ι
2454 1785 2553 1853 τὴν
2573 1783 2735 1854 χάριν
2756 1782 2999 1855 δηλονότι
3020 1783 3077 1834 ἐν
3099 1784 3218 1844 ταίς
3240 1780 3492 1849 καρδίαις

258 1883 516 1927 mamus:
562 1872 736 1938 Abba,
774 1873 966 1943 Pater3
999 1894 1017 1928 ι
1055 1876 1134 1929 vel
1179 1878 1341 1930 etiam
1385 1892 1401 1931 :
1437 1896 1456 1928 ι
1494 1875 1552 1929 ln
1575 1874 1808 1932 ecclesia

257 1961 403 2015 malo
431 1963 676 2032 quinque
706 1966 867 2018 verba
901 1981 1063 2021 sensu
1097 1982 1216 2021 ineo
1248 1966 1394 2036 loqui
1435 1981 1596 2037 quam
1621 1966 1809 2019 decem

256 2053 425 2108 millia
483 2055 771 2109 verborum
846 2056 902 2111 in
977 2057 1178 2127 lingna.
1229 2077 1248 2109 ι
1292 2057 1581 2127 Propterea
1632 2066 1814 2111 mente

255 2154 579 2212 conceptam
623 2149 926 2201 orationem
965 2148 1264 2217 probibuit,
1307 2157 1362 2202 et
1404 2147 1700 2218 praescrtini
1733 2146 1814 2200 in·

258 2237 598 2291 vocationem
628 2237 867 2304 Domini,
930 2256 1090 2310 quein
1148 2241 1436 2295 consessus
1486 2249 1570 2317 est
1620 2237 1814 2293 Petrus

260 2332 435 2395 palam
467 2332 656 2390 dicens
684 2354 697 2389 :
732 2352 750 2387 ι
794 2335 872 2389 Tu
904 2351 964 2391 es
992 2335 1264 2401 Clu-istus,
1288 2336 1462 2391 Filius
1489 2334 1580 2388 Dei
1613 2334 1748 2388 vivi.
1788 2351 1809 2385 ι

259 2424 442 2495 ltaque
515 2437 599 2481 cst
663 2425 878 2481 Domini
936 2428 1196 2483 traditio:
1233 2445 1252 2478 ι
1299 2426 1511 2497 Siquid
1551 2425 1817 2495 petieritis

259 2512 472 2568 Patrem
511 2514 564 2568 in
598 2514 817 2570 nomine
861 2530 1008 2579 meo.
1053 2515 1251 2586 iuquit,
1308 2514 1606 2586 accipietis·
1648 2534 1666 2568 ι
1703 2511 1812 2570 Et:

264 2631 280 2655 ·
315 2607 374 2661 ln
407 2607 624 2662 nomine
669 2622 789 2661 meo
843 2609 1111 2665 ‹latmonia
1164 2611 1408 2680 ejicient,
1447 2630 1465 2662 »
1494 2619 1547 2666 et
1597 2620 1815 2677 caetera,

259 2700 518 2755 nuoniam
577 2712 774 2753 nomen
841 2700 960 2768 ejus
1016 2701 1121 2756 vita
1175 2710 1396 2757 aetcrna.
1453 2719 1471 2752 ι
1516 2698 1640 2755 llaec
1671 2703 1815 2755 en²m

261 2789 464 2859 scripta
497 2797 649 2855 sunt,
707 2789 782 2843 ait
837 2788 1096 2855 loannes,
1148 2802 1205 2847 ut
1259 2792 1497 2847 credatis
1557 2789 1816 2860 quoniam

259 2875 420 2931 ‚lesus
451 2882 536 2931 'est
570 2875 818 2932 Christus
866 2876 1036 2934 Filius
1094 2879 1205 2944 Dei,
1251 2888 1305 2934 et
1339 2887 1395 2932 ut
1432 2879 1714 2933 credentes
1742 2877 1820 2931 vi-

265 2979 374 3019 ram
408 2976 667 3021 aeternaut
729 2962 973 3021 habeatis
1015 2967 1069 3021 in
1106 2968 1496 3039 nominefejus.
1537 2987 1558 3022 ι
1593 2969 1822 3037 iusuper

266 3055 530 3125 Spiritum
588 3065 839 3110 sanctum
902 3054 1139 3112 infundit
1204 3057 1476 3113 invocatio
1544 3056 1746 3114 Christi
1802 3075 1817 3112 t

1912 1876 2089 1947 ἡμῶν,
2124 1877 2351 1943 κράζον,
2396 1895 2415 1928 ι
2467 1875 2638 1929 ’Assa
2662 1879 2691 1930 ὁ
2726 1876 2915 1944 Πατήρ
2941 1889 2959 1905 ·
3004 1891 3023 1925 ι
3067 1875 3184 1936 καὶ,
3221 1891 3241 1923 ι
3290 1873 3493 1941 Κρεῖσ-

1916 1982 2005 2019 σον
2044 1966 2202 2019 πέντε
2235 1966 2430 2034 λόγους
2457 1965 2535 2033 τῷ
2578 1968 2661 2018 νοΐ
2701 1983 2804 2035 μου
2852 1966 2910 2018 ἐν
2950 1963 3224 2032 ἐκκλησία
3255 1960 3494 2030 λαλῆσαι

1913 2058 1947 2127 ἢ
1981 2058 2214 2128 μυρίους
2252 2059 2448 2124 λόγους
2484 2059 2542 2109 ἐν
2577 2057 2823 2129 γλώσσῃ.
2864 2076 2882 2108 ι
2924 2056 3017 2109 Διὸ
3040 2055 3134 2109 καὶ
3165 2055 3266 2123 τὴν
3300 2051 3497 2122 νοεράν

1914 2146 2225 2218 προσευχὴν
2269 2149 2604 2217 ἀπηγόρευε,
2647 2148 2739 2200 καὶ
2789 2147 3023 2215 μάλιστα
3063 2143 3164 2213 τὴν
3200 2142 3494 2211 ἐπίκλησιν

1913 2240 2007 2293 τοῦ
2049 2239 2278 2311 Κυρίου.
2318 2242 2383 2293 Ὃ
2426 2241 2490 2308 δὴ
2535 2240 2630 2293 καὶ
2665 2239 2926 2308 ὁμολογία
2973 2238 3069 2291 τοῦ
3129 2230 3367 2304 Πέτρου,
3410 2234 3493 2296 τό,

1921 2348 1940 2381 ι
1975 2330 2044 2384 Σὺ
2078 2329 2193 2385 eid
2245 2330 2474 2399 Χριστὸς
2506 2333 2535 2384 ό
2575 2331 2703 2392 Υἱὸς
2758 2330 2851 2383 τοῦ
2879 2329 3016 2383 Θεοῦ
3068 2328 3160 2380 τοῦ
3201 2327 3430 2393 ζῶντος,
3466 2342 3488 2378 ο

1916 2419 2275 2489 κηρύξαντος.
2343 2419 2455 2471 Καὶ
2512 2418 2609 2471 τοῦ
2682 2416 2893 2485 Κυρίου
2949 2412 3253 2484 παράδοσίς
3304 2412 3491 2475 ἐστιν,

1925 2529 1945 2561 ι
1992 2511 2059 2563 Ὅ
2092 2527 2146 2564 τι
2188 2510 2255 2563 ἂν
2302 2510 2563 2579 αἰτήσητε
2617 2510 2708 2563 τὸν
2752 2509 2970 2579 Πατέρα
3025 2508 3084 2559 ἐν
3134 2506 3215 2574 τῷ
3263 2502 3493 2573 ὀνόματί

1923 2617 2045 2670 μου,
2068 2619 2088 2653 ι
2110 2600 2377 2665 λέγοντος,
2404 2600 2685 2671 «λήψεσθε.
2706 2600 2837 2664 Καὶ,
2878 2616 2898 2650 ι
2922 2600 3009 2651 Ἐν
3034 2596 3113 2666 τῷ
3132 2596 3362 2666 όνόματί
3388 2613 3494 2664 μου

1919 2693 2172 2763 δαιμόνια
2201 2692 2498 2747 ἐκόαλοῦσι
2530 2709 2545 2724 ·
2588 2711 2607 2745 ι
2645 2694 2740 2745 καὶ
2769 2694 2836 2747 τὰ
2878 2691 3063 2745 λοιπά.
3103 2689 3259 2743 Ἐπεὶ
3294 2688 3390 2741 καὶ
3433 2688 3497 2741 τὸ

1919 2786 2091 2857 όνομα
2143 2786 2307 2841 αὐτοῦ
2360 2785 2475 2855 ζωὴ
2529 2784 2747 2848 αἰώνιός
2806 2786 2945 2839 ἐστι.
2992 2801 3012 2836 ι
3056 2781 3245 2836 Ταῦτα
3294 2799 3315 2832 ο
3359 2779 3493 2846 γὰρ.

1922 2880 2109 2948 φησὶν.
2165 2897 2184 2930 ι
2250 2880 2580 2945 γέγραπται,
2633 2876 2721 2931 ἵνα
2776 2874 3109 2943 πιστεύσητε
3163 2874 3245 2927 ὅτι
3285 2869 3497 2939 Ἰησοῦς

1923 2973 2073 3025 ἐστιν
2099 2974 2128 3025 ό
2159 2973 2393 3041 Χριστὸς
2421 2974 2448 3026 ὁ
2484 2973 2612 3035 Yth:
2638 2972 2733 3024 τοῦ
2766 2971 2925 3035 Θεοῦ,
2964 2972 3059 3024 καὶ
3087 2968 3178 3022 ἵνα
3207 2962 3497 3018 πιστεύον-

1924 3082 2013 3127 τες
2042 3066 2188 3134 ζωὴν
2225 3066 2386 3136 ἔχητε
2418 3065 2477 3138 {y
2512 3064 2598 3141 τῷ.
2619 3066 2844 3134 ὀνόματι
2891 3061 3083 3118 αὑτοῦ.
3120 3081 3141 3114 a
3176 3061 3290 3114 Καὶ
3321 3059 3497 3114 Πνεῦ-

277 3168 290 3200 ι
325 3146 496 3202 Nemo
544 3154 721 3217 potest
792 3147 978 3203 dicere
1048 3147 1326 3203 Christum
1376 3146 1584 3216 lesum,
1645 3149 1822 3219 inquit
1933 3175 2103 3226 ματος
2128 3157 2282 3225 ἁγίου
2311 3157 2620 3228 παρεκτικὴ
2648 3160 2682 3227 η
2714 3156 3000 3225 ἐπίκλησις
3032 3153 3293 3225 Χριστοῦ.
3341 3169 3362 3204 ι
3395 3151 3500 3205 Οὑ-

264 3244 488 3308 Panlns,
554 3243 660 3299 nisi
717 3243 771 3298 in
838 3243 1045 3314 Spiritu
1103 3255 1328 3310 sancto;
1387 3262 1404 3296 ι
1459 3252 1825 3314 sexcentisque

265 3337 368 3392 alia
397 3339 462 3392 ‹le
508 3351 568 3390 re
627 3334 816 3390 eadem
879 3335 1081 3404 scripta
1161 3346 1311 3391 sunt.
1362 3335 1557 3390 Verum
1620 3342 1824 3403 quanta

266 3431 356 3484 ille
388 3428 697 3484 obcaecatus
745 3437 933 3481 contra
986 3425 1232 3480 divinum
1263 3425 1445 3481 lumen
1495 3427 1721 3495 protulit
1751 3434 1828 3480 te-

268 3523 499 3577 nebrosa
529 3519 736 3576 scilicet
776 3528 831 3573 ct
865 3520 1102 3574 obscura
1145 3518 1410 3589 valdeque
1439 3515 1710 3572 contraria
1740 3516 1827 3572 di·

269 3620 407 3673 vinae
438 3615 514 3671 illi
539 3629 661 3686 quae
688 3628 966 3681 vesperam
1016 3614 1190 3668 nescit
1219 3619 1271 3665 et
1311 3625 1408 3679 per
1436 3618 1649 3664 noctem
1687 3609 1829 3663 lucet

271 3703 656 3764 illuminationi
690 3704 850 3772 cujus
904 3701 1117 3758 luciferi
1157 3701 1473 3773 angelorum
1527 3699 1681 3755 chori
1740 3698 1832 3754 lae·

271 3811 458 3858 tantur
511 3796 822 3868 participes,
884 3795 1141 3866 qnoniam
1190 3796 1383 3849 borum
1447 3792 1697 3863 voluptas
1748 3790 1833 3846 di·

270 3892 431 3947 vinus
466 3888 741 3959 splendor,
783 3886 1145 3956 eanulemque
1198 3886 1524 3956 participant
1554 3887 1648 3956 qui
1684 3883 1832 3940 inter

274 3984 523 4037 nomines
554 3989 684 4035 sunt
707 3977 892 4032 mundi
929 3977 1112 4033 corde.
1153 3974 1279 4032 ldeo
1324 3977 1589 4032 adversus
1610 3992 1706 4033 eos
1738 3974 1831 4047 qui

272 4078 437 4129 vitan·
479 4073 531 4125 in
566 4071 857 4126 sanctitate
890 4069 1222 4124 reconditam
1253 4076 1419 4138 agunt
1453 4067 1599 4123 velut
1620 4068 1831 4124 daetnon

273 4166 413 4220 alius
442 4169 559 4218 erat
586 4173 840 4228 grassans
870 4159 924 4213 in
963 4174 1058 4215 eos
1100 4158 1192 4228 qui
1251 4173 1279 4212 a
1313 4158 1648 4213 tumultuosa
1682 4157 1835 4224 plebe

276 4256 537 4311 recedunt
567 4252 780 4323 solique
835 4252 946 4306 Deo
1002 4251 1279 4304 adhaerere
1310 4249 1654 4311 desiderant,
1688 4258 1831 4315 quos

279 4346 480 4414 sa‘pius
533 4343 954 4400 contritionibus
1013 4342 1200 4394 inultis
1264 4340 1415 4406 pravi
1462 4338 1736 4407 invidique
1781 4346 1837 4391 et

1930 3247 2040 3307 όεὶς
2076 3247 2297 3302 δύναται
2322 3248 2501 3301 εἰπεῖν
2531 3249 2732 3318 Κύριον
2771 3247 2999 3316 Ἰησοῦν.
3039 3248 3088 3299 εί
3122 3245 3198 3316 μὴ
3236 3246 3298 3297 ἐν
3324 3241 3502 3298 Πνεῦ-

1933 3353 2066 3404 ματι
2119 3337 2279 3408 ἁγίῳ,
2341 3356 2362 3390 ι
2411 3340 2580 3408 φησί·
2616 3342 2709 3395 καὶ
2757 3339 2927 3409 μυρία
2976 3337 3048 3392 τά
3092 3337 3232 3407 ὺπέρ
3281 3336 3498 3391 τούτου.

1946 3427 2138 3484 ‘Omra
2168 3429 2228 3484 δέ
2276 3430 2307 3483 ό
2358 3429 2748 3499 ἐσκοτιτμὲνος
2792 3431 2929 3484 κατὰ
2977 3429 3072 3484 τοῦ
3115 3429 3263 3482 θείου
3321 3426 3502 3495 φωτὸς

1934 3520 2188 3593 ἐλάλησε,
2220 3523 2469 3576 σκοτεινά
2505 3536 2634 3576 τινα
2665 3523 2763 3577 καὶ
2800 3521 3017 3590 ζοφώδη
3050 3524 3146 3577 καὶ
3175 3520 3365 3592 πόρῤω
3403 3518 3500 3571 καὶ

1936 3614 2152 3668 ἐναντία
2172 3614 2273 3682 τῆς
2297 3614 2602 3682 άνεσπέρου
2638 3615 2853 3682 ἐκείνης
2882 3631 2918 3682 φ
2928 3613 3277 3684 ρυκτωρικῆς
3308 3630 3367 3665 τε
3407 3610 3505 3665 καὶ

1937 3706 2086 3769 θείας
2134 3706 2479 3777 ἐλλάμψεως,
2510 3701 2577 3778 ἧς
2614 3708 2708 3759 καὶ
2742 3705 2854 3760 τῶν
2880 3706 3134 3774 ἀγγέλων
3175 3706 3225 3758 ol
3259 3703 3506 3773 φαεσφό-

1941 3815 2024 3867 ροι
2058 3798 2207 3868 χοροὶ
2251 3797 2565 3869 άκορέστως
2603 3798 2890 3867 μετέχουσι
2938 3797 3034 3849 καὶ
3067 3796 3461 3865 εὐφραίνονται
3483 3809 3502 3825 ·

1938 3889 2020 3942 ὅτι
2062 3889 2156 3942 καὶ
2209 3888 2508 3951 ἀπόλαυσις
2547 3887 2756 3949 τούτοις
2805 3887 2838 3957 η
2878 3885 2994 3939 θεία
3020 3884 3364 3955 λαμπρότης.
3405 3883 3502 3939 καὶ

1937 3978 2046 4033 τῶν
2069 3978 2373 4050 ἀνθρώπων
2398 3982 2446 4033 ol
2479 3977 2709 4049 καθαροὶ
2739 3977 2838 4047 τὴν
2872 3976 3105 4048 καρδίαν
3153 3977 3501 4046 μετέχουσιν.

1952 4073 2105 4128 Ἐπεὶ
2136 4074 2245 4141 γάρ
2268 4074 2410 4125 κατὰ
2440 4072 2547 4126 τῶν
2577 4071 2736 4141 ίερῶς
2765 4070 3148 4140 ἡσυχαζόντων
3177 4068 3506 4138 κινούμενος

1939 4161 2009 4236 ἦν
2038 4164 2112 4226 ὡς
2165 4162 2294 4217 ἄλλο
2342 4162 2642 4231 δαιμόνιον,
2676 4161 2967 4231 βασκαίνον
3014 4161 3125 4222 τοῖς
3154 4159 3506 4230 ἀναχωροῦσι
3585 4194 3612 4218 .

1938 4255 2050 4309 τῶν
2090 4254 2150 4306 ἐν
2195 4249 2467 4319 θορύὸοις,
2494 4251 2588 4304 καὶ
2625 4251 2746 4322 Θεῷ
2796 4254 2955 4318 μόνον
2987 4249 3273 4319 σχολάζειν
3312 4249 3510 4304 ἐπιθυ-

1945 4342 2160 4414 μοῦσιν,
2204 4337 2285 4404 οἷς
2324 4342 2418 4396 καὶ
2461 4341 2688 4394 πλείστα
2745 4341 3007 4403 πολλάκις
3053 4343 3103 4394 oi
3139 4343 3373 4410 πονηροὶ
3412 4342 3512 4395 καὶ

281 4437 550 4493 ιιιεΙοιΙίειί
581 4440 857 4492 daemones
888 4429 1130 4485 afficiunt
1158 4428 1552 4500 erroribusque
1580 4429 1651 4483 im
1665 4427 1837 4482 bunut
1864 4449 1917 4510 n
1943 4432 2195 4503 φθονεροὶ
2232 4434 2327 4485 καὶ
2371 4431 2668 4500 κατάρατοι
2716 4432 2973 4501 δαίμονες
3016 4432 3224 4500 ἐπῆγον
3271 4433 3340 4486 τὰ
3392 4432 3510 4486 θλι-

279 4531 468 4599 gratiae
532 4527 625 4582 Dei
671 4522 978 4592 divinaeque
1045 4520 1427 4576 illuminationi
1485 4519 1834 4588 adversariis,

285 4624 377 4696 uni
412 4637 533 4677 cnm
563 4617 797 4673 tenebrae
831 4615 943 4669 sint
993 4613 1049 4669 in
1098 4613 1349 4681 angelum
1384 4610 1520 4665 lucis
1560 4619 1838 4665 transmu-

290 4724 497 4773 tantur.
528 4709 771 4764 volentes
811 4706 934 4762 illos
976 4720 1004 4760 a
1058 4705 1201 4759 bono
1256 4703 1537 4774 proposito
1571 4711 1838 4768 avertere,

287 4824 357 4863 ne
400 4805 506 4861 sint
535 4815 658 4856 cum
692 4798 820 4865 Deo,
858 4799 1113 4870 qnoniam
1148 4797 1248 4866 ipsi
1302 4811 1332 4850 a
1384 4796 1495 4850 Deo
1533 4793 1690 4865 longe
1713 4794 1840 4848 lacti

286 4911 436 4965 snut,
464 4914 531 4952 ne
565 4897 799 4950 bumana
827 4901 1020 4948 natura
1072 4889 1338 4946 materiali
1385 4903 1614 4958 corpore
1643 4890 1841 4942 donata

285 4989 515 5057 spiiitali
550 5001 737 5042 eorum
775 4992 982 5038 naturae
1044 4982 1367 5052 praecelleat.
1421 4978 1664 5034 invidum
1696 4981 1841 5032 enlm

286 5085 591 5138 daemonum
623 5090 796 5149 genus
842 5089 951 5144 prae
999 5074 1250 5143 superbia
1299 5072 1456 5140 cnjus
1484 5070 1656 5140 gratia
1677 5084 1707 5122 a
1736 5069 1843 5122 Deo

287 5175 603 5230 deiecerunt
631 5177 686 5225 et
710 5169 928 5224 coelitus
959 5166 1263 5235 praecipites
1291 5163 1486 5232 dejecti
1528 5172 1679 5225 sunt,
1711 5175 1838 5216 nec·

288 5280 398 5319 non
426 5278 596 5332 usque
620 5260 824 5316 invidet
871 5261 939 5315 iis
986 5272 1079 5327 qut
1110 5257 1218 5311 Deo
1252 5255 1439 5308 volunt
1471 5269 1567 5322 per
1597 5251 1844 5308 solitudi-

291 5371 416 5410 nem
442 5363 497 5408 ct
522 5352 843 5408 munditiam
883 5358 1045 5420 atque
1069 5349 1367 5401 orationem
1404 5345 1628 5400 firmiter
1667 5343 1848 5398 adbae-

293 5460 436 5506 rere.
468 5445 719 5513 ideoque,
767 5452 923 5512 prout
979 5441 1235 5501 diximus,
1272 5444 1543 5492 certantes
1573 5436 1843 5490 sexcentis

293 5536 606 5592 incursibus
629 5535 1042 5603 aggrediuntur,
1066 5539 1116 5586 el
1150 5541 1457 5597 quanquam
1477 5528 1714 5581 tenebrae
1734 5525 1845 5580 sint

293 5645 358 5683 ac
391 5627 537 5681 velut
565 5626 745 5695 fulgur
775 5626 842 5680 de
863 5625 1004 5680 coelo
1036 5619 1358 5683 ceciderint,
1385 5620 1437 5671 in
1485 5620 1733 5688 angelum
1764 5617 1844 5670 ln·

296 5723 376 5779 cis
406 5726 844 5775 transmutantur
888 5725 945 5772 ut
989 5713 1283 5772 nonnullos
1313 5709 1603 5782 decipiant.
1632 5709 1724 5764 llle
1748 5723 1843 5761 au·

1945 4524 2099 4593 δερὰ,
2130 4523 2227 4577 καὶ
2259 4521 2403 4576 κατὰ
2443 4522 2540 4592 τῆς
2569 4521 2661 4575 τοῦ
2715 4521 2853 4577 Θεοῦ
2906 4522 3126 4594 χάριτος
3160 4525 3256 4577 καὶ
3288 4522 3384 4577 τοῦ
3424 4527 3507 4577 ἐν-

1946 4619 2070 4672 θέου
2109 4616 2391 4687 φωτισμοῦ
2438 4617 2650 4680 πλάνας
2683 4617 2886 4686 ἐπῆγον
2913 4617 3117 4680 αὐτοῖς,
3149 4617 3231 4678 είς
3269 4616 3506 4683 ἄγγελον

1946 4707 2121 4779 φωτὸς
2166 4711 2213 4761 οί
2268 4708 2457 4771 σκότος
2507 4705 2659 4769 ὄντες
2704 4703 3325 4775 μετασχηματιζόμενοι,
3360 4706 3508 4758 ἀπα·-

1946 4800 2136 4868 γαγεῖν
2185 4797 2287 4868 τῆς
2328 4799 2500 4867 καλῆς
2545 4798 2745 4860 αὐτοὺς
2798 4797 3109 4879 προθυμίας
3161 4794 3502 4866 βουλόμενοι,

1946 4892 2041 4944 καὶ
2070 4890 2163 4944 τοῦ
2196 4891 2334 4961 μετὰ
2378 4889 2513 4943 Θεοῦ
2542 4883 2680 4942 εἶναι
2721 4889 2796 4950 ὡς
2825 4889 2982 4941 αὐτοὶ
3027 4889 3213 4959 πόρρω
3244 4886 3499 4956 γεγόνασι

1947 4981 2041 5036 τοῦ
2071 4981 2230 5043 Θεοῦ,
2270 4981 2358 5034 ἵνα
2413 4980 2487 5050 μὴ
2538 4979 2853 5048 ἀνθρωπίνη
2907 4976 3069 5046 φύσις
3105 4979 3287 5032 καὶτὸ
3316 4975 3501 5030 ὑλικὸν

1946 5075 2022 5142 τῷ
2062 5073 2273 5143 σώματι
2304 5070 2612 5141 κεκτημένη
2664 5070 2920 5137 ὑπεράνω
2947 5071 3048 5139 τῆς
3079 5055 3247 5123 &Giton
3280 5067 3506 5123 ἐκείνων

1947 5167 2173 5236 γένηται
2227 5163 2479 5232 φύσεως·
2546 5162 2805 5232 φθονερὸν
2880 5161 2988 5230 γάρ
3041 5159 3395 5231 ὑπερηφανίᾳ
3446 5162 3511 5213 τὸ

1947 5255 2221 5325 δαιμόνιον
2271 5253 2454 5320 φῦλον,
2491 5254 2559 5307 δι’
2613 5255 2680 5320 ἢν
2732 5253 2826 5306 καὶ
2873 5251 3007 5305 Θεοῦ
3042 5250 3377 5321 ἠστόχησαν,
3409 5255 3511 5304 καὶ

1946 5342 2234 5415 οὐρανόθεν
2280 5343 2602 5414 ἐρρίφησαν,
2637 5343 2732 5394 καὶ
2758 5343 2845 5394 ἀεὶ
2880 5338 3201 5408 φθονοῦντός
3241 5342 3349 5392 είσι
3394 5342 3512 5404 τοῖς

1945 5437 2025 5506 τῷ
2069 5434 2187 5504 Θεῷ
2232 5432 2665 5504 προσκολλᾶσθαι
2698 5435 2784 5487 διὰ
2820 5431 3109 5503 μονώσεως
3156 5431 3249 5485 καὶ
3296 5430 3512 5499 καθάρ-

1949 5543 2085 5589 σεως
2121 5525 2216 5579 καὶ
2244 5523 2549 5596 προσευχῆς
2579 5524 2923 5594 βουλομένοις
2946 5539 2961 5555 ·
2994 5521 3120 5575 ὅθεν
3169 5521 3263 5575 καὶ
3296 5523 3507 5591 μυρίας

1946 5618 2210 5686 ἐπάγουσι
2252 5618 2364 5679 τοῖς
2408 5614 2832 5687 ἀγωνιζομένοις
2858 5614 2955 5678 τὰς
2985 5612 3269 5681 ἐπηρείας,
3307 5612 3402 5664 καὶ
3428 5610 3509 5677 ὡς

1949 5712 2266 5781 εἰρήκαμεν,
2303 5708 2379 5772 εἰς
2410 5708 2638 5778 ἄγγελον
2690 5708 2866 5777 φωτὸς
2888 5706 2938 5760 οί
2966 5706 3155 5771 σκότος
3182 5703 3495 5770 τελοῦντες,
