3784 6125
246 299 357 365 439

1059 303 1441 369 ΒΥΜΕΟΝΙΒ
1472 303 2233 393 THESSALONICENSIS
2273 306 2633 375 Ancfflltt‘.

3381 306 3483 373 440

251 417 520 483 teruntur,
544 417 762 489 lataque
793 416 864 473 ad
896 417 1282 487 imperatorem
1327 434 1359 473 a
1388 418 1815 488 chartophylace
1838 426 1893 486 Δ
1914 418 1991 482 ὡς
2020 419 2346 489 εἰρήκαμεν,
2382 420 2645 489 γίνονται.
2695 419 2809 474 Καὶ
2850 420 2949 484 τὰς
2983 418 3196 489 ψήφους
3230 419 3431 483 ταύτας
3456 423 3485 476 ό

251 516 309 562 et
341 506 558 564 duobus
582 507 860 578 episcopis
879 508 1225 566 deferuntur.
1258 509 1435 565 Unius
1460 509 1528 565 de
1563 508 1739 566 trihus
1784 520 1817 561 a

253 599 493 653 concilio
580 600 878 655 nominatis
938 599 1139 657 electio
1201 600 1509 670 antiquitus
1588 599 1823 669 impera-

256 687 384 752 tori,
426 697 485 741 ιιι
517 699 703 753 uncto,
732 705 762 743 a
795 688 1052 745 Patribus
1110 690 1376 761 permissa
1417 700 1522 755 est,
1575 703 1641 744 eo
1676 689 1820 759 quod

254 789 446 832 omnes
472 788 600 833 sunt
638 795 668 834 a
732 781 945 852 synodo
985 782 1165 848 clenti,
1199 792 1256 837 et
1311 782 1458 853 digni
1496 794 1563 836 eo
1617 781 1823 837 honore

249 867 499 937 judicati.

771 982 1002 1040 CAPUT
1045 984 1297 1042 CCXXV.

361 1096 514 1163 Quod
537 1099 602 1151 ab
626 1100 943 1166 imperatore
981 1102 1094 1170 ipso
1121 1114 1372 1169 praesente
1400 1101 1717 1172 dignitatem

633 1172 941 1238 patriarcha
974 1179 1167 1225 electus
1200 1173 1441 1241 suscipit.

323 1260 427 1325 Qui
461 1262 625 1332 igitur
653 1277 683 1316 e
715 1263 891 1316 trihus
920 1261 1129 1318 electus
1155 1274 1262 1327 est,
1312 1274 1366 1318 et
1402 1262 1731 1325 declaratus,
1768 1271 1825 1319 et

254 1353 322 1407 ab
355 1355 470 1422 ipso
503 1357 836 1423 imperatore
859 1365 1127 1423 praesente
1167 1337 1363 1422 dignius
1411 1356 1822 1424 pronuntiatus,

253 1442 359 1497 hoe
386 1442 531 1498 enim
574 1446 630 1497 iit
663 1454 723 1498 ut
759 1445 1052 1515 plurimum
1077 1454 1302 1515 propter
1331 1445 1513 1514 operis
1549 1447 1824 1514 magnitu-

253 1534 435 1588 dinem
473 1544 527 1588 et
573 1549 738 1603 grave
765 1535 1002 1590 actionis
1033 1544 1387 1600 momentum,
1419 1538 1564 1605 quod
1611 1535 1706 1605 qui
1731 1551 1853 1589 no··

257 1628 473 1685 verunt,
506 1631 847 1685 reverentur,
886 1622 1137 1676 electioni
1164 1624 1477 1679 consentire
1505 1637 1824 1693 persuasus,

254 1721 428 1775 eaque
491 1719 736 1778 accepta,
771 1709 974 1764 indicta
1022 1710 1111 1766 die
1153 1711 1575 1767 declarationem
1602 1712 1823 1782 excipit,

253 1799 571 1852 convocatis
606 1800 863 1855 omnihus
897 1801 989 1870 qui
1020 1801 1128 1854 illic
1155 1811 1306 1867 sunt,
1337 1803 1633 1873 episcopis,
1665 1818 1821 1870 pres·

254 1887 481 1959 hyteris‚
513 1888 979 1955 archimandritis,
1002 1891 1346 1961 hegumenis,
1371 1894 1540 1956 clero,
1565 1901 1620 1947 ct
1644 1890 1828 1962 populi

254 1994 453 2049 magna
486 1988 661 2050 parte,
699 1980 848 2034 velut
903 1992 1156 2051 promoto
1189 1982 1465 2036 communi
1493 1982 1678 2058 Patre,
1711 1995 1829 2035 om·

258 2068 423 2125 nibus
476 2085 691 2141 quoque
755 2072 1094 2141 principibus
1143 2072 1420 2143 lampades
1449 2075 1824 2144 gestantibus,

258 2158 403 2214 sacta
435 2174 616 2229 prece,
650 2171 710 2214 ut
736 2160 944 2215 dictum
971 2170 1076 2228 est,
1109 2166 1177 2217 ah
1207 2165 1382 2217 electo
1409 2162 1746 2231 patriarcha,
1773 2172 1831 2218 et

258 2250 603 2316 dimissione,
646 2251 909 2307 solemnis
948 2252 1041 2307 illa
1067 2253 1389 2323 patriarcha!
1423 2253 1586 2308 electi
1646 2253 1830 2309 decla-

259 2342 403 2399 ratio
433 2343 548 2397 sive
588 2340 851 2397 indicatio
883 2357 914 2396 a
950 2344 1209 2399 maximis
1239 2344 1534 2399 senatoriis
1563 2343 1829 2414 principi·

257 2431 364 2486 bus
399 2434 814 2501 pronuntiatur.
847 2431 1199 2501 imperatoris
1230 2432 1374 2485 cuim
1409 2445 1694 2500 personam
1735 2445 1829 2500 ge-

259 2532 412 2588 runt,
443 2521 744 2592 imperator
773 2537 902 2576 vero
936 2538 1058 2592 quae
1087 2521 1284 2593 synodi
1310 2532 1436 2576 sunt
1462 2521 1827 2586 administrat,

260 2621 321 2668 ut
356 2621 555 2668 unctus
586 2614 823 2678 Domini,
858 2622 914 2666 ct
950 2611 1206 2667 defensor
1229 2621 1394 2680 atque
1444 2610 1694 2665 minister
1720 2607 1828 2664 Ec·

237 2704 442 2759 ·clesi;e
466 2719 591 2760 cum
625 2713 825 2760 unctus
868 2711 973 2771 est,
1002 2699 1354 2765 constitutus,
1379 2700 1546 2770 idque
1571 2708 1682 2755 tum
1711 2699 1832 2769 pol·

167 2859 175 2866 .
258 2792 466 2848 licitus.

751 2880 980 2939 estur
1040 2879 1328 2953 ‚ccxxvi

408 2996 687 3065 Quomodo
715 2997 814 3068 fiat
843 2997 1111 3051 decretum
1148 2981 1221 3050 αι’
1255 2994 1370 3066 ejus
1411 2996 1685 3051 electione.

1921 509 2268 577 χαρτοφύλαξ
2324 511 2464 579 μετὰ
2507 512 2603 563 δύο
2642 511 2943 581 ἀρχιερέων
2993 512 3369 581 προσκομίζει
3408 512 3485 584 τῷ

1922 597 2154 668 βασιλεῖ.
2176 598 2367 671 Τούτῳ
2392 599 2451 654 δὲ
2476 602 2689 655 ἀνεῖται
2710 599 2921 655 ἄνωθεν
2945 601 3057 656 ἀπὸ
3087 601 3199 656 τῶν
3225 602 3486 672 Πατέρων

1920 690 1997 754 ὡς
2027 691 2370 762 κεχρισμένῳ
2414 691 2643 762 βασιλεῖ,
2673 694 2709 764 ή
2757 694 2865 747 ἀπὸ
2891 692 3006 746 τῶν
3046 693 3215 763 τριῶν
3248 694 3483 764 ἐκλογή,

1919 780 2002 834 ὃτι
2054 781 2438 852 ἐπιλελεγμένοι
2492 783 2603 837 εἰσι
2650 784 2800 854 παρα
2850 782 2951 854 τῆς
3032 783 3253 837 συνόδου
3297 787 3392 840 καὶ
3436 781 3488 839 ot

1919 875 2069 943 τρεῖς
2102 874 2418 945 κεκριμένοι
2442 876 2606 942 ἄξιοι.

2486 989 2741 1043 aman.
2771 988 2942 1045 xlm.

1926 1098 2057 1151 Ὅτι
2073 1100 2106 1151 ὀ
2122 1097 2422 1167 βασιλεὺς
2443 1100 2520 1155 δι’
2542 1101 2762 1156 ἑαυτοῦ
2790 1101 2958 1167 ἀξιοῖ
2973 1100 3082 1156 τὸν
3107 1097 3490 1171 ψηφισθέντα

2172 1169 2286 1237 τὴν
2317 1172 2741 1239 πατριαρχείαν
2779 1170 3252 1235 καταδέξασθαι.

2005 1260 2066 1315 Ὀ
2100 1259 2194 1314 οὖν
2223 1261 2288 1314 ἐκ
2312 1263 2422 1313 τῶν
2448 1261 2613 1331 τριῶν
2638 1260 2885 1330 ὲκλεγεὶς
2908 1263 3002 1315 καὶ
3027 1259 3408 1330 διαμηνυθεὶς,
3450 1257 3483 1329 ἢ

1926 1348 2017 1401 καὶ
2047 1349 2180 1418 παρ’
2219 1347 2385 1403 αὑτοῦ
2415 1349 2667 1414 ἀξιωθεὶς
2710 1348 3163 1420 παραγενομένου
3203 1346 3369 1418 169
3395 1343 3485 1399 τοῦ

1928 1435 2208 1507 βασιλέως,
2248 1436 2409 1491 τοῦτο
2435 1437 2545 1506 γὰρ
2587 1438 2685 1493 καὶ
2714 1438 2809 1492 ἐπὶ
2840 1437 3004 1492 πλέον
3040 1436 3256 1508 γίνεται
3298 1436 3388 1492 διὰ
3418 1434 3480 1489 τδ

1930 1528 2074 1597 μέγα
2100 1526 2196 1580 τοῦ
2223 1526 2386 1597 ἔργου
2429 1530 2526 1582 καὶ
2572 1530 2635 1583 τὸ
2662 1529 3055 1599 παραιτεῖσθαι
3092 1531 3193 1601 τὴν
3248 1527 3486 1599 μεγάλην

1927 1616 2247 1686 ἐγχείρησιν
2270 1618 2410 1690 ,τοὺς
2454 1618 2684 1687 εἰδότας,
2716 1618 2793 1684 ὡς
2823 1618 3259 1691 εύλαδουμένους
3296 1618 3483 1686 αυτὴν,

1928 1708 1957 1759 ὀ
1993 1708 2237 1773 πεισθεὶς
2274 1709 2371 1762 καὶ
2410 1709 2867 1780 καταδεξάμενος,
2897 1713 2954 1764 ὲν
2984 1710 3269 1781 ὡρισμένῃ
3313 1708 3489 1777 ήμέρᾳ

1917 1796 1990 1850 τὸ
2017 1783 2244 1870 μήνυμα
2284 1800 2503 1871 δέχεται
2539 1802 2759 1856 πάντων
2792 1801 3150 1873 συνηγμένων
3184 1802 3370 1854 ἐκεῖσε
3395 1801 3490 1869 ἀρ-

1930 1889 2181 1960 χιερέων,
2233 1892 2443 1963 ἱερέων,
2499 1893 2962 1968 ἀρχιμανδριτῶν,
3008 1892 3354 1964 ἡγουμένων,
3399 1889 3491 1945 τοῦ

1931 1975 2156 2049 κλήρου,
2206 1982 2301 2036 καὶ
2333 1983 2588 2036 πλείστου
2620 1983 2773 2051 λαοῦ,
2806 1983 2881 2048 ὡς
2910 1982 3005 2037 τοῦ
3031 1982 3217 2038 κοινοῦ
3270 1998 3496 2055 προχει·

1932 2068 2222 2141 ριζομένου
2266 2072 2501 2143 Πατρός,
2536 2074 2633 2128 καὶ
2679 2073 2958 2146 ἀρχόντων
3007 2071 3497 2144 λαμπαδηφορούν-

1928 2176 2039 2214 των
2072 2161 2353 2217 ἁπάντων.
2383 2163 2495 2216 Καὶ
2525 2163 2625 2232 τῆς
2667 2163 2834 2233 εὐχῆς
2866 2162 3183 2235 γινομένης,
3214 2160 3294 2225 ὡς
3344 2160 3497 2232 εἴρη-

1930 2269 2045 2317 ται,
2068 2253 2219 2324 παρὰ
2241 2252 2337 2306 τού
2370 2253 2682 2322 ύποψηιρίου
2714 2256 3084 2324 πατριάρχου,
3110 2258 3209 2308 καὶ
3235 2251 3497 2307 ἀπολύον-

1930 2360 2048 2407 τος,
2074 2344 2135 2396 τὸ
2161 2346 2394 2413 μήνυμα
2420 2343 2621 2399 δίδοται
2647 2345 2779 2415 παρ’
2807 2328 3084 2416 ἀρχόντων
3112 2342 3497 2414 συγκλητικῶν

1929 2433 2041 2488 τῶν
2063 2435 2361 2504 μεγίστων,
2396 2434 2491 2487 τοῦ
2516 2433 2782 2505 βασιλέως
2801 2437 2911 2507 γὰρ
2937 2435 3164 2506 φέρουσι
3186 2434 3247 2488 τὸ
3281 2433 3498 2505 πρόσω-

1934 2543 2059 2579 πον.
2106 2526 2169 2580 '0
2202 2525 2458 2595 βασιλεὺς
2498 2526 2556 2579 δὶ
2583 2526 2783 2596 τὰτῆς
2835 2527 3053 2581 συνόδου
3105 2526 3395 2598 ὑπηρετεῖ,
3423 2524 3499 2588 ὡς

1932 2615 2168 2687 Χριστὸς
2221 2618 2429 2690 Κυρίου
2489 2618 2585 2673 καὶ
2634 2618 2911 2689 δεφένσωρ
2962 2618 3056 2672 καὶ
3082 2617 3366 2688 ὑπηρέτης
3400 2616 3500 2687 τῆς

1943 2708 2273 2780 Ἐκκλησίας
2307 2711 2608 2776 καταστὰς,
2666 2712 2723 2764 ὲν
2774 2710 2856 2781 τῷ
2904 2710 3156 2781 χρίεσθαι
3208 2709 3309 2764 καὶ
3341 2706 3500 2765 τοῦτο

1932 2798 2396 2871 καθυποσχεθείς.

2477 2894 2732 2949 ΚΕΦΔΛ.
2766 2894 2956 2962 qu'.

2301 3004 2501 3072 Ὅπως
2536 3006 2603 3059 τὸ
2641 3002 2891 3075 μήνυμα
2916 3005 3161 3074 γίνεται.

333 3092 678 3162 Quapropter
711 3091 806 3161 qui
852 3090 1272 3147 declarationem
1320 3092 1696 3161 pronuntiant,
1749 3091 1833 3147 sie
1856 3110 1907 3173 c
2004 3098 2098 3153 Διὸ
2135 3096 2234 3152 καὶ
2252 3097 2302 3151 oi
2336 3098 2397 3151 τὸ
2427 3097 2658 3167 μήνυμα
2686 3095 2938 3166 λέγοντες
2967 3095 3112 3151 οὕτω
3145 3096 3336 3166 φασιν·
3375 3115 3398 3152 ι
3436 3097 3495 3152 Ὅ

265 3186 607 3257 loquuntur:
646 3202 665 3236 ι
705 3183 886 3240 Fortis
923 3190 976 3240 et
1025 3190 1251 3239 sanctus
1276 3180 1538 3238 Dominus
1568 3190 1755 3238 noster
1778 3189 1835 3238 et

265 3277 582 3345 imperator,
617 3285 671 3328 et
726 3274 910 3327 divina
939 3285 1207 3342 sacraque
1235 3281 1289 3328 et
1334 3286 1529 3341 magna
1589 3269 1834 3342 synodus

267 3367 541 3441 advocant
621 3367 968 3422 sanctitatem
1028 3372 1178 3418 tuam
1248 3365 1318 3418 ad
1395 3360 1832 3418 excelsissimum

272 3460 530 3515 thronum
563 3456 876 3528 patriarchii
904 3453 1531 3524 constantinopolitani:
1562 3470 1582 3504 ι
1628 3461 1835 3507 testan-

268 3558 352 3605 tes
374 3549 520 3618 quod
548 3550 845 3618 imperator
893 3559 1001 3600 non
1035 3559 1067 3599 a
1087 3545 1290 3614 seipso,
1322 3541 1418 3599 sed
1451 3558 1572 3614 ηοω
1591 3540 1836 3614 synodus

267 3640 461 3695 statuit
489 3637 653 3694 simul
701 3652 823 3692 cum
875 3637 1083 3707 synodo
1133 3634 1470 3705 pronuntiat,
1536 3643 1592 3689 et
1659 3632 1835 3689 solum

271 3732 638 3791 ministerium
671 3732 759 3788 hic
813 3733 1034 3800 praehet.

752 3842 978 3902 CAPUT
1017 3840 1317 3901 ccxxvii.

275 3967 476 4024 Contra
506 3981 593 4019 eos
625 3965 716 4035 qui
744 3966 928 4018 dicunt
960 3964 1098 4104 qfrtod
1141 3964 1432 4032 imperator
1467 3957 1834 4032 patriarcham

1011 4047 1137 4090 acu.

355 4157 695 4228 Quapropter
748 4161 1021 4223 nugantur
1075 4152 1298 4223 quidam
1325 4167 1509 4209 rerum
1575 4163 1839 4206 novarum

283 4255 597 4307 inventores
619 4249 824 4304 invidia
851 4244 1094 4313 impulsi,
1125 4258 1244 4298 cum
1276 4244 1466 4300 dicunt
1499 4241 1844 4313 :imperator

287 4343 648 4413 patriarcham
675 4347 846 4395 creat.
880 4332 1039 4389 Nullo
1065 4335 1226 4388 modo
1265 4332 1320 4389 id
1355 4333 1488 4391 facit
1522 4332 1838 4403 imperator,

1939 3188 2204 3260 κραταιὸς
2256 3188 2351 3241 καὶ
2396 3186 2553 3253 ἅγιος
2587 3186 2744 3257 ήμῶν
2778 3186 3044 3259 αὐθέντης
3092 3189 3190 3242 καὶ
3218 3187 3496 3259 βασιὶως,

1936 3277 2095 3346 καὶή
2124 3275 2247 3329 θεία
2292 3276 2385 3328 καὶ
2439 3274 2564 3346 ιερὰ
2609 3276 2706 3328 καὶ
2757 3274 2966 3347 μεγάλη
2996 3274 3216 3341 σύνοδος
3260 3290 3500 3347 προσκα-

1938 3365 2158 3422 λοῦνται
2188 3366 2290 3436 τήν
2323 3366 2639 3438 ἁγιωσύνην
2667 3381 2761 3419 σου
2792 3367 2869 3429 είς
2893 3367 2984 3421 τὸν
3013 3365 3353 3439 ὑψηλότατον
3379 3365 3499 3438 Θρό-

1937 3473 2029 3512 νον
2072 3457 2169 3513 τοῦ
2216 3461 2612 3531 πατριαρχείου
2642 3459 2742 3530 τῆς
2785 3458 3444 3522 Κωνσταντινουπόλεως·
3470 3474 3493 3513 ι

1943 3548 2372 3621 μαρτυροῦντες,
2404 3550 2480 3614 ῶς
2510 3550 2609 3621 οὐχ
2632 3550 2662 3602 ὁ
2691 3550 2947 3621 βασιλεὺς
2974 3550 3067 3620 ἀφ’
3092 3548 3314 3616 ἑαυτοῦ,
3365 3550 3498 3603 ἀλλὰ

1937 3638 2007 3692 τὰ
2030 3639 2130 3708 τῆς
2163 3640 2382 3695 συνόδου
2417 3641 2554 3711 μετὰ
2580 3641 2677 3712 τῆς
2715 3640 2937 3695 συνόδου
2968 3638 3187 3712 μηνύει,
3221 3640 3322 3700 καὶ
3343 3640 3500 3712 μόνον

1939 3731 2227 3804 ὑπηρετεῖ.

2491 3845 2744 3902 ΚΕΦΔΛ.
2785 3845 2953 3903 ΣΚΖ’.

1941 3959 2105 4017 Κατὰ
2156 3959 2278 4013 τῶν
2325 3960 2630 4029 ,λεγόντων
2674 3957 2766 4013 ὅτι
2820 3960 2855 4014 d
2892 3957 3198 4025 flam-leisc
3241 3958 3352 4014 τὸν
3393 3971 3502 4015 κα-

2465 4026 2774 4098 ·τριάρχην
2799 4027 2977 4083 ποιεῖ.

2011 4144 2315 4219 Φλυαροῦσι
2342 4143 2524 4198 τοίνυν
2566 4143 2619 4196 oi
2659 4144 2911 4211 λέγοντες
2955 4144 3275 4216 καινοτόμοι
3325 4144 3506 4217 φθόνῳ

1945 4239 2284 4310 βαλλόμενοι,
2315 4234 2393 4299 ὡς
2434 4235 2494 4290 '0
2518 4234 2771 4304 βασιλεὺς
2816 4234 2911 4292 τὸν
2949 4237 3303 4309 πατριάρχην
3337 4241 3503 4293 ποιεῖ·

1943 4331 2193 4401 οὐδαμῶς
2223 4331 2332 4402 γὰρ
2383 4334 2411 4384 ό
2454 4330 2732 4402 βασιλεὺς,
2786 4331 2901 4388 ἀλλ’
2929 4333 2964 4402 ή
3002 4330 3218 4394 σύνοδος
3267 4331 3506 4401 ἐνεργεῐ,

283 4435 378 4490 sed
419 4432 660 4503 synodus
705 4429 1051 4484 ministrante
1089 4428 1177 4496 pio
1229 4427 1581 4497 imperatore,
1631 4434 1690 4481 ut
1744 4425 1839 4481 de·
1867 4463 1921 4524 D
1945 4424 2454 4494 ἐξυπηρετουμένου
2487 4427 2647 4494 μόνον
2676 4426 2772 4480 τοῦ
2811 4425 3072 4495 βασιλέως
3109 4427 3371 4493 εύσεδοῦς
3414 4429 3504 4483 δν-

284 4533 646 4582 monstratum
675 4528 756 4574 est
773 4534 792 4587 ;
824 4535 931 4574 non
996 4525 1206 4572 tantum
1268 4516 1526 4586 quoniam
1586 4515 1839 4571 defensor

281 4626 386 4682 est,
419 4622 475 4670 et
513 4613 805 4680 imperator
866 4618 1063 4665 unctus
1125 4608 1192 4663 ab
1239 4606 1503 4671 Ecclesia,
1530 4604 1625 4662 sed
1673 4605 1838 4661 etiam

284 4720 342 4762 ut
378 4713 726 4772 cooperetur,
762 4711 817 4756 et
861 4701 1156 4764 ministret.
1213 4710 1268 4754 et
1334 4697 1547 4768 diligat,
1577 4704 1631 4751 et
1679 4695 1836 4750 firma

284 4803 568 4852 conservet
621 4808 740 4862 quae
788 4790 855 4846 ad
919 4790 1215 4848 Ecclesiam
1277 4794 1561 4857 spectant:
1628 4794 1842 4841 tenetur

228 4880 233 4885 ’
286 4889 429 4943 enim
483 4891 702 4954 propter
753 4882 1005 4938 Ecclesiae
1037 4895 1222 4951 pacem
1253 4879 1368 4933 haec
1397 4878 1542 4932 inter
1577 4878 1838 4931 orthodo-

290 4992 389 5031 xos
432 4977 743 5030 observare.
781 4972 1097 5042 Postquam-
1125 4968 1293 5039 igitur
1348 4968 1552 5020 clectus
1602 4979 1725 5020 sese
1773 4967 1841 5018 al)

290 5082 452 5122 oriere
472 5064 754 5120 subeundo
784 5062 1027 5117 modeste
1059 5071 1113 5117 et
1144 5060 1373 5114 honeste
1405 5057 1706 5119 excusavit,
1737 5052 1842 5108 Ec-

286 5159 620 5227 clesiamque
646 5155 1120 5222 suscepit,omnes
1165 5149 1406 5222 episcopi
1456 5148 1607 5201 illum
1642 5145 1844 5200 adeunt

287 5260 340 5305 et
369 5248 688 5304 adoratione
733 5247 942 5308 colunt,
981 5243 1235 5299 similiter
1277 5238 1458 5294 clerici
1495 5245 1549 5291 et
1587 5235 1711 5289 laici
1753 5232 1842 5287 be·

288 5342 594 5397 nedictione
631 5338 700 5392 ab
747 5351 812 5391 eo
861 5344 1103 5405 accepta,
1132 5330 1261 5401 quia
1306 5343 1541 5399 sponsus
1589 5323 1846 5379 Ecclesiae

288 5443 392 5489 cst.
436 5433 494 5486 Si
525 5430 692 5501 igitur
719 5429 811 5482 ille
842 5427 1050 5482 electus
1081 5421 1388 5493 patriarcha
1417 5420 1706 5488 episcopus
1738 5421 1843 5476 est.

291 5522 630 5578 ordinatione
656 5535 766 5574 non
800 5526 941 5588 eget,
968 5514 1063 5570 sed
1109 5521 1316 5567 tantum
1366 5510 1774 5574 enthronismo;
1799 5507 1844 5563 si

292 5628 422 5670 vcro
481 5614 782 5683 presbyter,
837 5608 1126 5664 ordinatur
1180 5611 1236 5660 et
1280 5603 1335 5658 in
1397 5601 1649 5657 thronum
1736 5600 1849 5654 col·

297 5709 524 5765 locatur.

1946 4533 2059 4582 τος,
2116 4518 2191 4578 ὡς
2217 4517 2503 4572 δέδεικται·
2543 4521 2605 4571 οὐ
2652 4519 2811 4587 μόνον
2843 4519 2926 4571 ὃτι
2961 4517 3173 4582 ἔκδικός
3228 4521 3368 4586 ἐστι,
3411 4520 3505 4573 καὶ

1948 4606 2200 4678 βασιλεὺς
2246 4606 2487 4677 χρισθεὶς
2525 4607 2589 4659 ἐκ
2614 4607 2714 4676 τῆς
2747 4605 3091 4677 Ἐκκλησίας,
3126 4606 3247 4661 ἀλλ’
3278 4608 3367 4663 ἵνα
3409 4608 3506 4662 καὶ

1948 4695 2223 4766 συνεργῶν
2250 4697 2337 4767 εἴη
2365 4695 2457 4748 καὶ
2481 4694 2789 4765 ὑπηρετῶν,
2822 4696 2919 4749 καὶ
2942 4697 3144 4767 στέργῃ
3184 4699 3282 4752 καὶ
3312 4697 3503 4767 pesam

1945 4789 2083 4858 τηρῇ
2113 4788 2183 4840 τὰ
2230 4788 2330 4856 τῆς
2371 4787 2716 4858 Ἐκκληᾱίας,
2770 4788 3127 4859 όφειλομένου
3166 4789 3265 4842 καὶ
3310 4786 3500 4841 τούτου

1945 4879 2004 4933 ἐν
2039 4879 2152 4940 τοῖς
2183 4876 2486 4942 όρθοδόξοις
2517 4879 2823 4948 τηρεῖσθαι,
2873 4878 2963 4931 διὰ
3008 4878 3107 4948 τήν
3150 4878 3378 4950 εἰρήνην
3404 4878 3500 4949 τῆς

1958 4967 2300 5035 Ἐκκλησίας.
2346 4967 2808 5038 Ἀπολογουμένου
2838 4964 2931 5022 οὗν
2952 4969 3047 5022 καὶ
3073 4968 3168 5022 τοῦ
3192 4968 3503 5037 ὑποψηφίου

1946 5065 2013 5118 τὰ
2040 5063 2244 5128 εἰκότα,
2267 5064 2365 5117 καὶ
2397 5061 2831 5130 καταδεξαμένου
2855 5061 2954 5133 τήν
2989 5062 3350 5135 Ἐκκλησίαν,
3371 5065 3508 5119 πάν-

1947 5172 2036 5217 τες
2070 5156 2345 5226 ἀρχιερεῑς
2376 5154 2769 5225 προσέρχονται
2803 5155 2979 5224 τούτῳ
3007 5157 3102 5229 καὶ
3131 5155 3507 5226 προσκύνησιν

1947 5247 2332 5316 ἀπονέμουσιν,
2374 5247 2574 5317 ὁμοίως
2604 5246 2857 5317 κληρικοί
2884 5262 2945 5299 τε
2990 5246 3085 5300 καὶ
3132 5246 3338 5311 λαῑκοὶ,
3369 5245 3512 5317 λαμ-

1949 5336 2204 5399 6άνοντες
2260 5336 2511 5405 εὐλογίαν
2566 5338 2651 5391 ὅτι
2705 5337 2961 5407 μνήστωρ
3018 5337 3117 5407 τῆς
3178 5335 3510 5408 Ἐκκλησίας

1950 5427 2117 5479 ἐστίν.
2142 5419 2310 5488 Οὗτος
2336 5425 2451 5494 οὗν,
2480 5428 2529 5480 εί
2556 5426 2657 5497 μὲν
2685 5428 2751 5480 ὲκ
2778 5426 2885 5482 τῶν
2909 5427 3214 5497 ἀρχιερέων
3238 5428 3415 5493 ἐστὶν,
3441 5423 3511 5480 σὺ

1952 5518 2122 5573 δεῖται
2157 5518 2515 5590 χειροτονίας,
2564 5517 2700 5572 ἀλλὰ
2752 5518 2914 5588 μόνον
2944 5516 3308 5589 ἐνθρονισμοῦ
3328 5533 3345 5550 ·
3371 5519 3426 5572 εί
3454 5515 3520 5572 δὶ

1957 5608 2155 5680 ἱερεὺς,
2194 5611 2582 5680 χειροτονεῖται
2613 5609 2705 5664 καὶ
2735 5608 3125 5680 ὲνθρονίζεται.

3163 5786 3284 5811 ε-ᾕ..
3293 5777 3354 5811 *J
