<?xml version="1.0" encoding="UTF-8"?>
<!DOCTYPE html PUBLIC "-//W3C//DTD XHTML 1.0 Transitional//EN"
    "http://www.w3.org/TR/xhtml1/DTD/xhtml1-transitional.dtd">
<html xmlns="http://www.w3.org/1999/xhtml" xml:lang="en" lang="en">
 <head>
  <title>
</title>
<meta http-equiv="Content-Type" content="text/html;charset=utf-8" />
  <meta name='ocr-system' content='tesseract 3.04.00' />
  <meta name='ocr-capabilities' content='ocr_page ocr_carea ocr_par ocr_line ocrx_word'/>
</head>
<body>
  <div class='ocr_page' id='page_1' title='image "./patrologicursus107migngoog_0163.png"; bbox 0 0 3784 6125; ppageno 0'>
   <div class='ocr_carea' id='block_1_1' title="bbox 1404 192 1543 207">
    <p class='ocr_par' dir='ltr' id='par_1_1' title="bbox 1404 192 1543 207">
     <span class='ocr_line' id='line_1_1' title="bbox 1404 192 1543 207; baseline 0 -3"><span class='ocrx_word' id='word_1_1' title='bbox 1404 193 1495 207; x_wconf 53' lang='grc' dir='ltr'><strong>οφ.-</strong></span> <span class='ocrx_word' id='word_1_2' title='bbox 1539 192 1543 197; x_wconf 82' lang='grc'><em>’</em></span> 
     </span>
    </p>
   </div>
   <div class='ocr_carea' id='block_1_2' title="bbox 248 315 353 377">
    <p class='ocr_par' dir='ltr' id='par_1_2' title="bbox 248 315 353 377">
     <span class='ocr_line' id='line_1_2' title="bbox 248 315 353 377; baseline 0.038 -4"><span class='ocrx_word' id='word_1_3' title='bbox 248 315 353 377; x_wconf 63' lang='grc' dir='ltr'><strong>3ῐῆ</strong></span> 
     </span>
    </p>
   </div>
   <div class='ocr_carea' id='block_1_3' title="bbox 1109 307 2649 372">
    <p class='ocr_par' dir='ltr' id='par_1_3' title="bbox 1109 307 2649 372">
     <span class='ocr_line' id='line_1_3' title="bbox 1109 307 2649 372; baseline -0.001 -2"><span class='ocrx_word' id='word_1_4' title='bbox 1109 310 1405 370; x_wconf 79' lang='lat' dir='ltr'>SYMEON</span> <span class='ocrx_word' id='word_1_5' title='bbox 1418 311 1488 368; x_wconf 85' lang='lat' dir='ltr'><strong>lS</strong></span> <span class='ocrx_word' id='word_1_6' title='bbox 1510 308 1954 372; x_wconf 74' lang='lat' dir='ltr'>THESSALON</span> <span class='ocrx_word' id='word_1_7' title='bbox 1963 308 2211 372; x_wconf 76' lang='lat' dir='ltr'><strong>lcssNst</strong></span> <span class='ocrx_word' id='word_1_8' title='bbox 2220 310 2261 367; x_wconf 83' lang='lat' dir='ltr'>S</span> <span class='ocrx_word' id='word_1_9' title='bbox 2297 307 2649 370; x_wconf 70' lang='lat' dir='ltr'><strong>ARCHIEP.</strong></span> 
     </span>
    </p>
   </div>
   <div class='ocr_carea' id='block_1_4' title="bbox 3403 302 3515 364">
    <p class='ocr_par' dir='ltr' id='par_1_4' title="bbox 3403 302 3515 364">
     <span class='ocr_line' id='line_1_4' title="bbox 3403 302 3515 364; baseline -0.027 0"><span class='ocrx_word' id='word_1_10' title='bbox 3403 302 3515 364; x_wconf 61' lang='lat'><strong>323</strong></span> 
     </span>
    </p>
   </div>
   <div class='ocr_carea' id='block_1_5' title="bbox 251 417 3581 497">
    <p class='ocr_par' dir='ltr' id='par_1_5' title="bbox 251 417 3581 497">
     <span class='ocr_line' id='line_1_5' title="bbox 251 417 3581 497; baseline -0.003 -16"><span class='ocrx_word' id='word_1_11' title='bbox 251 427 394 491; x_wconf 67' lang='lat' dir='ltr'><strong>latae,</strong></span> <span class='ocrx_word' id='word_1_12' title='bbox 433 428 500 483; x_wconf 85' lang='lat' dir='ltr'><strong>ad</strong></span> <span class='ocrx_word' id='word_1_13' title='bbox 546 429 718 486; x_wconf 83' lang='lat' dir='ltr'><strong>altare</strong></span> <span class='ocrx_word' id='word_1_14' title='bbox 752 427 844 483; x_wconf 87' lang='lat' dir='ltr'><strong>Dei</strong></span> <span class='ocrx_word' id='word_1_15' title='bbox 896 425 1116 482; x_wconf 66' lang='lat' dir='ltr'><strong>emh-ste</strong></span> <span class='ocrx_word' id='word_1_16' title='bbox 1168 423 1410 481; x_wconf 55' lang='lat' dir='ltr'><strong>sursum*</strong></span> <span class='ocrx_word' id='word_1_17' title='bbox 1442 423 1710 481; x_wconf 77' lang='lat' dir='ltr'><strong>serantur.</strong></span> <span class='ocrx_word' id='word_1_18' title='bbox 1763 422 1829 477; x_wconf 81' lang='lat' dir='ltr'><strong>Et</strong></span> <span class='ocrx_word' id='word_1_19' title='bbox 1858 426 1905 481; x_wconf 74' lang='grc' dir='ltr'><strong>Δ</strong></span> <span class='ocrx_word' id='word_1_20' title='bbox 1935 424 2388 496; x_wconf 69' lang='grc' dir='ltr'><strong>προσφερομένας</strong></span> <span class='ocrx_word' id='word_1_21' title='bbox 2421 425 2483 477; x_wconf 81' lang='grc' dir='ltr'><strong>ὲν</strong></span> <span class='ocrx_word' id='word_1_22' title='bbox 2517 419 2670 491; x_wconf 84' lang='grc' dir='ltr'><strong>αὐτῷ</strong></span> <span class='ocrx_word' id='word_1_23' title='bbox 2694 421 2909 492; x_wconf 85' lang='grc' dir='ltr'><strong>δεήσεις</strong></span> <span class='ocrx_word' id='word_1_24' title='bbox 2939 420 3311 491; x_wconf 74' lang='grc' dir='ltr'>ἀναφέρεσθαι</span> <span class='ocrx_word' id='word_1_25' title='bbox 3343 419 3423 471; x_wconf 71' lang='grc' dir='ltr'><strong>εἰ.-</strong></span> <span class='ocrx_word' id='word_1_26' title='bbox 3458 417 3519 471; x_wconf 61' lang='lat' dir='ltr'><strong>eb</strong></span> <span class='ocrx_word' id='word_1_27' title='bbox 3577 493 3581 497; x_wconf 14' lang='lat' dir='ltr'><strong>q</strong></span> 
     </span>
    </p>
   </div>
   <div class='ocr_carea' id='block_1_6' title="bbox 249 508 1834 2057">
    <p class='ocr_par' dir='ltr' id='par_1_6' title="bbox 249 508 1834 2057">
     <span class='ocr_line' id='line_1_6' title="bbox 249 508 1828 588; baseline -0.003 -14"><span class='ocrx_word' id='word_1_28' title='bbox 249 528 537 588; x_wconf 76' lang='lat' dir='ltr'><strong>postquam</strong></span> <span class='ocrx_word' id='word_1_29' title='bbox 560 519 666 575; x_wconf 79' lang='lat' dir='ltr'><strong>alta</strong></span> <span class='ocrx_word' id='word_1_30' title='bbox 688 534 831 574; x_wconf 80' lang='lat' dir='ltr'><strong>voce</strong></span> <span class='ocrx_word' id='word_1_31' title='bbox 855 508 1023 572; x_wconf 72' lang='lat' dir='ltr'><strong>De&#39;trm</strong></span> <span class='ocrx_word' id='word_1_32' title='bbox 1048 518 1251 585; x_wconf 80' lang='lat' dir='ltr'>hymno</span> <span class='ocrx_word' id='word_1_33' title='bbox 1284 516 1604 581; x_wconf 80' lang='lat' dir='ltr'><strong>celebravit,</strong></span> <span class='ocrx_word' id='word_1_34' title='bbox 1637 530 1828 586; x_wconf 83' lang='lat' dir='ltr'><strong>pacem</strong></span> 
     </span>
     <span class='ocr_line' id='line_1_7' title="bbox 249 606 1834 678; baseline -0.003 -15"><span class='ocrx_word' id='word_1_35' title='bbox 249 610 510 664; x_wconf 84' lang='lat' dir='ltr'><strong>omnibus</strong></span> <span class='ocrx_word' id='word_1_36' title='bbox 535 623 563 663; x_wconf 86' lang='lat' dir='ltr'><strong>a</strong></span> <span class='ocrx_word' id='word_1_37' title='bbox 592 607 705 665; x_wconf 87' lang='lat' dir='ltr'><strong>Deo</strong></span> <span class='ocrx_word' id='word_1_38' title='bbox 735 608 924 678; x_wconf 77' lang='lat' dir='ltr'><strong>gratiae</strong></span> <span class='ocrx_word' id='word_1_39' title='bbox 975 607 1127 662; x_wconf 86' lang='lat' dir='ltr'><strong>dicit.</strong></span> <span class='ocrx_word' id='word_1_40' title='bbox 1159 606 1229 662; x_wconf 86' lang='lat' dir='ltr'><strong>Et</strong></span> <span class='ocrx_word' id='word_1_41' title='bbox 1267 607 1485 663; x_wconf 90' lang='lat' dir='ltr'><strong>cunctis</strong></span> <span class='ocrx_word' id='word_1_42' title='bbox 1532 614 1698 674; x_wconf 87' lang='lat' dir='ltr'><strong>caput</strong></span> <span class='ocrx_word' id='word_1_43' title='bbox 1751 606 1834 659; x_wconf 86' lang='lat' dir='ltr'><strong>in-</strong></span> 
     </span>
     <span class='ocr_line' id='line_1_8' title="bbox 253 696 1832 768; baseline -0.001 -15"><span class='ocrx_word' id='word_1_44' title='bbox 253 699 606 767; x_wconf 80' lang='lat' dir='ltr'><strong>clinantibus,</strong></span> <span class='ocrx_word' id='word_1_45' title='bbox 651 699 814 755; x_wconf 87' lang='lat' dir='ltr'><strong>aliam</strong></span> <span class='ocrx_word' id='word_1_46' title='bbox 847 700 1178 766; x_wconf 79' lang='lat' dir='ltr'><strong>orationem,</strong></span> <span class='ocrx_word' id='word_1_47' title='bbox 1232 714 1354 768; x_wconf 83' lang='lat' dir='ltr'><strong>quae</strong></span> <span class='ocrx_word' id='word_1_48' title='bbox 1387 707 1470 753; x_wconf 88' lang='lat' dir='ltr'><strong>est</strong></span> <span class='ocrx_word' id='word_1_49' title='bbox 1522 698 1712 753; x_wconf 81' lang='lat' dir='ltr'><strong>ultima</strong></span> <span class='ocrx_word' id='word_1_50' title='bbox 1763 696 1832 752; x_wconf 87' lang='lat' dir='ltr'><strong>de</strong></span> 
     </span>
     <span class='ocr_line' id='line_1_9' title="bbox 255 788 1832 861; baseline -0.003 -18"><span class='ocrx_word' id='word_1_51' title='bbox 255 793 689 859; x_wconf 76' lang='lat' dir='ltr'><strong>consecratione,</strong></span> <span class='ocrx_word' id='word_1_52' title='bbox 717 792 794 848; x_wconf 82' lang='lat' dir='ltr'><strong>ait</strong></span> <span class='ocrx_word' id='word_1_53' title='bbox 829 810 843 846; x_wconf 73' lang='grc' dir='ltr'><strong>ι</strong></span> <span class='ocrx_word' id='word_1_54' title='bbox 884 812 904 846; x_wconf 88' lang='grc' dir='ltr'><strong>ι</strong></span> <span class='ocrx_word' id='word_1_55' title='bbox 957 792 1172 847; x_wconf 83' lang='lat' dir='ltr'><strong>Gratias</strong></span> <span class='ocrx_word' id='word_1_56' title='bbox 1226 790 1439 861; x_wconf 79' lang='lat' dir='ltr'>agimus</span> <span class='ocrx_word' id='word_1_57' title='bbox 1475 789 1594 856; x_wconf 89' lang='lat' dir='ltr'><strong>tibi,</strong></span> <span class='ocrx_word' id='word_1_58' title='bbox 1646 788 1832 845; x_wconf 83' lang='lat' dir='ltr'><strong>Domi-</strong></span> 
     </span>
     <span class='ocr_line' id='line_1_10' title="bbox 254 880 1834 948; baseline -0.001 -15"><span class='ocrx_word' id='word_1_59' title='bbox 254 895 344 945; x_wconf 70' lang='lat' dir='ltr'><strong>ne,</strong></span> <span class='ocrx_word' id='word_1_60' title='bbox 390 900 410 933; x_wconf 83' lang='lat'><strong>»</strong></span> <span class='ocrx_word' id='word_1_61' title='bbox 462 890 516 936; x_wconf 90' lang='lat' dir='ltr'><strong>et</strong></span> <span class='ocrx_word' id='word_1_62' title='bbox 561 891 758 938; x_wconf 85' lang='lat' dir='ltr'><strong>caetera</strong></span> <span class='ocrx_word' id='word_1_63' title='bbox 809 897 932 939; x_wconf 90' lang='lat' dir='ltr'><strong>cum</strong></span> <span class='ocrx_word' id='word_1_64' title='bbox 985 881 1293 937; x_wconf 85' lang='lat' dir='ltr'><strong>humilitate</strong></span> <span class='ocrx_word' id='word_1_65' title='bbox 1342 880 1575 943; x_wconf 74' lang='lat' dir='ltr'><strong>dicens,</strong></span> <span class='ocrx_word' id='word_1_66' title='bbox 1638 896 1659 930; x_wconf 87' lang='grc' dir='ltr'><strong>ι</strong></span> <span class='ocrx_word' id='word_1_67' title='bbox 1696 890 1834 948; x_wconf 90' lang='lat' dir='ltr'><strong>quo-</strong></span> 
     </span>
     <span class='ocr_line' id='line_1_11' title="bbox 251 959 1829 1045; baseline -0.002 -20"><span class='ocrx_word' id='word_1_68' title='bbox 251 959 397 1027; x_wconf 80' lang='lat' dir='ltr'><strong>niam</strong></span> <span class='ocrx_word' id='word_1_69' title='bbox 425 972 568 1029; x_wconf 87' lang='lat' dir='ltr'><strong>hanc</strong></span> <span class='ocrx_word' id='word_1_70' title='bbox 587 988 749 1045; x_wconf 85' lang='lat' dir='ltr'><strong>quam</strong></span> <span class='ocrx_word' id='word_1_71' title='bbox 782 973 969 1042; x_wconf 85' lang='lat' dir='ltr'><strong>ipsein</strong></span> <span class='ocrx_word' id='word_1_72' title='bbox 1001 972 1278 1041; x_wconf 81' lang='lat' dir='ltr'><strong>apostolos</strong></span> <span class='ocrx_word' id='word_1_73' title='bbox 1308 970 1554 1026; x_wconf 74' lang='lat' dir='ltr'>infudisti</span> <span class='ocrx_word' id='word_1_74' title='bbox 1577 969 1829 1042; x_wconf 76' lang='lat' dir='ltr'>gratiam,</span> 
     </span>
     <span class='ocr_line' id='line_1_12' title="bbox 251 1053 1834 1134; baseline -0.003 -17"><span class='ocrx_word' id='word_1_75' title='bbox 251 1070 305 1117; x_wconf 83' lang='lat' dir='ltr'><strong>et</strong></span> <span class='ocrx_word' id='word_1_76' title='bbox 327 1078 497 1134; x_wconf 77' lang='lat' dir='ltr'><strong>super</strong></span> <span class='ocrx_word' id='word_1_77' title='bbox 531 1079 630 1119; x_wconf 89' lang='lat' dir='ltr'><strong>nos</strong></span> <span class='ocrx_word' id='word_1_78' title='bbox 662 1073 978 1134; x_wconf 73' lang='lat' dir='ltr'><strong>peccatores</strong></span> <span class='ocrx_word' id='word_1_79' title='bbox 1030 1061 1301 1119; x_wconf 75' lang='lat' dir='ltr'>infudisti.</span> <span class='ocrx_word' id='word_1_80' title='bbox 1333 1062 1459 1118; x_wconf 87' lang='lat' dir='ltr'><strong>ldeo</strong></span> <span class='ocrx_word' id='word_1_81' title='bbox 1486 1053 1544 1117; x_wconf 76' lang='grc' dir='ltr'><strong>ιε’</strong></span> <span class='ocrx_word' id='word_1_82' title='bbox 1570 1062 1834 1131; x_wconf 82' lang='lat' dir='ltr'><strong>depreca-</strong></span> 
     </span>
     <span class='ocr_line' id='line_1_13' title="bbox 251 1152 1831 1225; baseline -0.001 -17"><span class='ocrx_word' id='word_1_83' title='bbox 251 1169 398 1219; x_wconf 89' lang='lat' dir='ltr'><strong>mur,</strong></span> <span class='ocrx_word' id='word_1_84' title='bbox 448 1155 599 1225; x_wconf 83' lang='lat' dir='ltr'><strong>reple</strong></span> <span class='ocrx_word' id='word_1_85' title='bbox 643 1156 816 1225; x_wconf 79' lang='lat' dir='ltr'><strong>gratia</strong></span> <span class='ocrx_word' id='word_1_86' title='bbox 844 1165 996 1210; x_wconf 92' lang='lat' dir='ltr'><strong>tuum</strong></span> <span class='ocrx_word' id='word_1_87' title='bbox 1061 1154 1169 1210; x_wconf 87' lang='lat' dir='ltr'><strong>hoc</strong></span> <span class='ocrx_word' id='word_1_88' title='bbox 1197 1155 1410 1218; x_wconf 83' lang='lat' dir='ltr'><strong>altare,</strong></span> <span class='ocrx_word' id='word_1_89' title='bbox 1474 1161 1534 1206; x_wconf 93' lang='lat' dir='ltr'><strong>ut</strong></span> <span class='ocrx_word' id='word_1_90' title='bbox 1595 1152 1652 1207; x_wconf 91' lang='lat' dir='ltr'><strong>in</strong></span> <span class='ocrx_word' id='word_1_91' title='bbox 1708 1152 1831 1223; x_wconf 85' lang='lat' dir='ltr'><strong>ipso</strong></span> 
     </span>
     <span class='ocr_line' id='line_1_14' title="bbox 251 1245 1828 1304; baseline -0.001 -4"><span class='ocrx_word' id='word_1_92' title='bbox 251 1247 446 1303; x_wconf 78' lang='lat' dir='ltr'><strong>oblatae</strong></span> <span class='ocrx_word' id='word_1_93' title='bbox 521 1248 721 1303; x_wconf 80' lang='lat' dir='ltr'><strong>hostiae</strong></span> <span class='ocrx_word' id='word_1_94' title='bbox 786 1253 1220 1304; x_wconf 77' lang='lat' dir='ltr'><strong>transmutentur</strong></span> <span class='ocrx_word' id='word_1_95' title='bbox 1297 1247 1353 1302; x_wconf 92' lang='lat' dir='ltr'><strong>in</strong></span> <span class='ocrx_word' id='word_1_96' title='bbox 1422 1245 1828 1301; x_wconf 82' lang='lat' dir='ltr'><strong>sanctissimum</strong></span> 
     </span>
     <span class='ocr_line' id='line_1_15' title="bbox 250 1337 1830 1412; baseline 0 -21"><span class='ocrx_word' id='word_1_97' title='bbox 250 1354 461 1410; x_wconf 79' lang='lat' dir='ltr'><strong>corpus</strong></span> <span class='ocrx_word' id='word_1_98' title='bbox 484 1351 536 1396; x_wconf 90' lang='lat' dir='ltr'><strong>et</strong></span> <span class='ocrx_word' id='word_1_99' title='bbox 575 1342 892 1412; x_wconf 82' lang='lat' dir='ltr'><strong>sanguinem</strong></span> <span class='ocrx_word' id='word_1_100' title='bbox 916 1340 1040 1395; x_wconf 78' lang='lat' dir='ltr'><strong>Filii</strong></span> <span class='ocrx_word' id='word_1_101' title='bbox 1074 1340 1152 1396; x_wconf 91' lang='lat' dir='ltr'><strong>tui</strong></span> <span class='ocrx_word' id='word_1_102' title='bbox 1178 1338 1476 1411; x_wconf 78' lang='lat' dir='ltr'><strong>unigeniti,</strong></span> <span class='ocrx_word' id='word_1_103' title='bbox 1509 1338 1576 1392; x_wconf 88' lang='lat' dir='ltr'><strong>ad</strong></span> <span class='ocrx_word' id='word_1_104' title='bbox 1601 1337 1830 1393; x_wconf 86' lang='lat' dir='ltr'><strong>salutem</strong></span> 
     </span>
     <span class='ocr_line' id='line_1_16' title="bbox 255 1432 1834 1504; baseline 0.002 -21"><span class='ocrx_word' id='word_1_105' title='bbox 255 1432 727 1503; x_wconf 87' lang='lat' dir='ltr'><strong>universimundi,</strong></span> <span class='ocrx_word' id='word_1_106' title='bbox 759 1449 968 1490; x_wconf 85' lang='lat' dir='ltr'><strong>necnon</strong></span> <span class='ocrx_word' id='word_1_107' title='bbox 1017 1432 1361 1504; x_wconf 68' lang='lat' dir='ltr'><strong>indignitatis</strong></span> <span class='ocrx_word' id='word_1_108' title='bbox 1402 1439 1600 1487; x_wconf 81' lang='lat' dir='ltr'><strong>nostrae</strong></span> <span class='ocrx_word' id='word_1_109' title='bbox 1639 1449 1653 1497; x_wconf 88' lang='lat'>;</span> <span class='ocrx_word' id='word_1_110' title='bbox 1712 1448 1734 1484; x_wconf 72' lang='grc' dir='ltr'><strong>ι</strong></span> <span class='ocrx_word' id='word_1_111' title='bbox 1776 1439 1834 1486; x_wconf 90' lang='lat' dir='ltr'><strong>et</strong></span> 
     </span>
     <span class='ocr_line' id='line_1_17' title="bbox 255 1523 1830 1595; baseline 0.003 -20"><span class='ocrx_word' id='word_1_112' title='bbox 255 1531 542 1592; x_wconf 73' lang='lat' dir='ltr'><strong>postquam</strong></span> <span class='ocrx_word' id='word_1_113' title='bbox 574 1539 708 1580; x_wconf 85' lang='lat' dir='ltr'><strong>voce</strong></span> <span class='ocrx_word' id='word_1_114' title='bbox 736 1540 930 1595; x_wconf 77' lang='lat' dir='ltr'><strong>magua</strong></span> <span class='ocrx_word' id='word_1_115' title='bbox 958 1523 1282 1594; x_wconf 82' lang='lat' dir='ltr'><strong>deprecatus</strong></span> <span class='ocrx_word' id='word_1_116' title='bbox 1311 1533 1415 1587; x_wconf 84' lang='lat' dir='ltr'><strong>est,</strong></span> <span class='ocrx_word' id='word_1_117' title='bbox 1444 1524 1649 1595; x_wconf 73' lang='lat' dir='ltr'><strong>gratias</strong></span> <span class='ocrx_word' id='word_1_118' title='bbox 1698 1525 1830 1595; x_wconf 78' lang='lat' dir='ltr'><strong>agit.</strong></span> 
     </span>
     <span class='ocr_line' id='line_1_18' title="bbox 258 1613 1829 1688; baseline 0.004 -21"><span class='ocrx_word' id='word_1_119' title='bbox 258 1613 324 1667; x_wconf 79' lang='lat' dir='ltr'><strong>Et</strong></span> <span class='ocrx_word' id='word_1_120' title='bbox 360 1613 612 1683; x_wconf 86' lang='lat' dir='ltr'><strong>lampade</strong></span> <span class='ocrx_word' id='word_1_121' title='bbox 637 1616 870 1687; x_wconf 90' lang='lat' dir='ltr'><strong>propriis</strong></span> <span class='ocrx_word' id='word_1_122' title='bbox 907 1618 1159 1674; x_wconf 88' lang='lat' dir='ltr'><strong>manibus</strong></span> <span class='ocrx_word' id='word_1_123' title='bbox 1215 1634 1311 1688; x_wconf 91' lang='lat' dir='ltr'><strong>per</strong></span> <span class='ocrx_word' id='word_1_124' title='bbox 1367 1618 1547 1673; x_wconf 91' lang='lat' dir='ltr'><strong>oleum</strong></span> <span class='ocrx_word' id='word_1_125' title='bbox 1598 1634 1829 1675; x_wconf 86' lang='lat' dir='ltr'><strong>accensa</strong></span> 
     </span>
     <span class='ocr_line' id='line_1_19' title="bbox 255 1703 1824 1780; baseline 0.005 -23"><span class='ocrx_word' id='word_1_126' title='bbox 255 1703 493 1774; x_wconf 81' lang='lat' dir='ltr'><strong>desuper</strong></span> <span class='ocrx_word' id='word_1_127' title='bbox 531 1722 561 1761; x_wconf 91' lang='lat' dir='ltr'><strong>e</strong></span> <span class='ocrx_word' id='word_1_128' title='bbox 593 1723 747 1763; x_wconf 88' lang='lat' dir='ltr'><strong>sacra</strong></span> <span class='ocrx_word' id='word_1_129' title='bbox 789 1724 976 1766; x_wconf 87' lang='lat' dir='ltr'><strong>mensa</strong></span> <span class='ocrx_word' id='word_1_130' title='bbox 1030 1709 1184 1780; x_wconf 91' lang='lat' dir='ltr'><strong>ponit</strong></span> <span class='ocrx_word' id='word_1_131' title='bbox 1226 1712 1280 1768; x_wconf 92' lang='lat' dir='ltr'><strong>in</strong></span> <span class='ocrx_word' id='word_1_132' title='bbox 1333 1712 1494 1768; x_wconf 83' lang='lat' dir='ltr'><strong>istius</strong></span> <span class='ocrx_word' id='word_1_133' title='bbox 1537 1712 1824 1780; x_wconf 86' lang='lat' dir='ltr'><strong>honorem,</strong></span> 
     </span>
     <span class='ocr_line' id='line_1_20' title="bbox 257 1796 1825 1872; baseline 0.008 -24"><span class='ocrx_word' id='word_1_134' title='bbox 257 1796 515 1860; x_wconf 84' lang='lat' dir='ltr'><strong>quoniam</strong></span> <span class='ocrx_word' id='word_1_135' title='bbox 551 1798 720 1855; x_wconf 85' lang='lat' dir='ltr'><strong>altare</strong></span> <span class='ocrx_word' id='word_1_136' title='bbox 750 1800 950 1857; x_wconf 77' lang='lat' dir='ltr'><strong>Christi</strong></span> <span class='ocrx_word' id='word_1_137' title='bbox 984 1800 1126 1859; x_wconf 82' lang='lat' dir='ltr'><strong>l&#39;acta</strong></span> <span class='ocrx_word' id='word_1_138' title='bbox 1157 1815 1262 1871; x_wconf 88' lang='lat' dir='ltr'><strong>est,</strong></span> <span class='ocrx_word' id='word_1_139' title='bbox 1299 1813 1376 1872; x_wconf 88' lang='lat' dir='ltr'><strong>et,</strong></span> <span class='ocrx_word' id='word_1_140' title='bbox 1404 1806 1548 1860; x_wconf 88' lang='lat' dir='ltr'><strong>sicut</strong></span> <span class='ocrx_word' id='word_1_141' title='bbox 1569 1804 1825 1870; x_wconf 84' lang='lat' dir='ltr'><strong>diximus,</strong></span> 
     </span>
     <span class='ocr_line' id='line_1_21' title="bbox 254 1881 1827 1966; baseline 0.007 -27"><span class='ocrx_word' id='word_1_142' title='bbox 254 1881 460 1941; x_wconf 78' lang='lat' dir='ltr'>Christi</span> <span class='ocrx_word' id='word_1_143' title='bbox 493 1885 692 1955; x_wconf 59' lang='lat' dir='ltr'><strong>ssuttrat</strong></span> <span class='ocrx_word' id='word_1_144' title='bbox 721 1890 1041 1958; x_wconf 81' lang='lat' dir='ltr'><strong>Ecclesiam,</strong></span> <span class='ocrx_word' id='word_1_145' title='bbox 1063 1892 1268 1948; x_wconf 87' lang='lat' dir='ltr'><strong>lumine</strong></span> <span class='ocrx_word' id='word_1_146' title='bbox 1306 1894 1494 1966; x_wconf 65' lang='lat' dir='ltr'><strong>gratiae</strong></span> <span class='ocrx_word' id='word_1_147' title='bbox 1511 1894 1827 1966; x_wconf 77' lang='lat' dir='ltr'><strong>fulgentem,</strong></span> 
     </span>
     <span class='ocr_line' id='line_1_22' title="bbox 260 1975 1574 2057; baseline 0.008 -28"><span class='ocrx_word' id='word_1_148' title='bbox 260 1983 315 2029; x_wconf 88' lang='lat' dir='ltr'><strong>ct</strong></span> <span class='ocrx_word' id='word_1_149' title='bbox 350 1975 453 2033; x_wconf 91' lang='lat' dir='ltr'><strong>hoc</strong></span> <span class='ocrx_word' id='word_1_150' title='bbox 483 1979 665 2036; x_wconf 85' lang='lat' dir='ltr'><strong>lumen</strong></span> <span class='ocrx_word' id='word_1_151' title='bbox 702 1982 997 2038; x_wconf 86' lang='lat' dir='ltr'><strong>adductum</strong></span> <span class='ocrx_word' id='word_1_152' title='bbox 1026 1985 1230 2040; x_wconf 89' lang='lat' dir='ltr'><strong>mundo</strong></span> <span class='ocrx_word' id='word_1_153' title='bbox 1262 1985 1574 2057; x_wconf 74' lang='lat' dir='ltr'><strong>praeferens.</strong></span> 
     </span>
    </p>
   </div>
   <div class='ocr_carea' id='block_1_7' title="bbox 827 2181 1267 2240">
    <p class='ocr_par' dir='ltr' id='par_1_7' title="bbox 827 2181 1267 2240">
     <span class='ocr_line' id='line_1_23' title="bbox 827 2181 1267 2240; baseline 0.009 -4"><span class='ocrx_word' id='word_1_154' title='bbox 827 2181 1059 2239; x_wconf 82' lang='lat' dir='ltr'>CAPUT</span> <span class='ocrx_word' id='word_1_155' title='bbox 1105 2183 1267 2240; x_wconf 81' lang='lat' dir='ltr'><strong>CXV.</strong></span> 
     </span>
    </p>
   </div>
   <div class='ocr_carea' id='block_1_8' title="bbox 263 2255 1833 2420">
    <p class='ocr_par' dir='ltr' id='par_1_8' title="bbox 263 2255 1833 2420">
     <span class='ocr_line' id='line_1_24' title="bbox 263 2255 1833 2347; baseline 0.008 -22"><span class='ocrx_word' id='word_1_156' title='bbox 263 2255 418 2339; x_wconf 70' lang='lat' dir='ltr'><strong>Quod</strong></span> <span class='ocrx_word' id='word_1_157' title='bbox 446 2275 565 2343; x_wconf 72' lang='lat' dir='ltr'><strong>post</strong></span> <span class='ocrx_word' id='word_1_158' title='bbox 593 2274 1054 2342; x_wconf 68' lang='lat' dir='ltr'><strong>taeuauqurationem</strong></span> <span class='ocrx_word' id='word_1_159' title='bbox 1078 2278 1353 2347; x_wconf 73' lang='lat' dir='ltr'><strong>episcopus</strong></span> <span class='ocrx_word' id='word_1_160' title='bbox 1379 2282 1528 2336; x_wconf 74' lang='lat' dir='ltr'><strong>exuit</strong></span> <span class='ocrx_word' id='word_1_161' title='bbox 1557 2280 1833 2338; x_wconf 73' lang='lat' dir='ltr'><strong>sindonem</strong></span> 
     </span>
     <span class='ocr_line' id='line_1_25' title="bbox 574 2346 1502 2420; baseline 0.009 -21"><span class='ocrx_word' id='word_1_162' title='bbox 574 2358 622 2399; x_wconf 82' lang='lat' dir='ltr'><strong>et</strong></span> <span class='ocrx_word' id='word_1_163' title='bbox 660 2346 911 2415; x_wconf 73' lang='lat' dir='ltr'><strong>reliquias</strong></span> <span class='ocrx_word' id='word_1_164' title='bbox 937 2359 1244 2402; x_wconf 69' lang='lat' dir='ltr'><strong>sanctorum</strong></span> <span class='ocrx_word' id='word_1_165' title='bbox 1277 2353 1502 2420; x_wconf 78' lang='lat' dir='ltr'><strong>reponit.</strong></span> 
     </span>
    </p>
   </div>
   <div class='ocr_carea' id='block_1_9' title="bbox 261 2434 1841 2982">
    <p class='ocr_par' dir='ltr' id='par_1_9' title="bbox 261 2434 1841 2982">
     <span class='ocr_line' id='line_1_26' title="bbox 334 2434 1825 2519; baseline 0.009 -28"><span class='ocrx_word' id='word_1_166' title='bbox 334 2434 390 2491; x_wconf 91' lang='lat' dir='ltr'><strong>Si</strong></span> <span class='ocrx_word' id='word_1_167' title='bbox 422 2452 489 2492; x_wconf 87' lang='lat' dir='ltr'><strong>ne</strong></span> <span class='ocrx_word' id='word_1_168' title='bbox 524 2436 688 2509; x_wconf 75' lang='lat' dir='ltr'><strong>igitur</strong></span> <span class='ocrx_word' id='word_1_169' title='bbox 721 2441 941 2509; x_wconf 87' lang='lat' dir='ltr'><strong>quidem</strong></span> <span class='ocrx_word' id='word_1_170' title='bbox 973 2450 1156 2511; x_wconf 84' lang='lat' dir='ltr'><strong>potest</strong></span> <span class='ocrx_word' id='word_1_171' title='bbox 1186 2446 1656 2504; x_wconf 87' lang='lat' dir='ltr'><strong>consecrationem</strong></span> <span class='ocrx_word' id='word_1_172' title='bbox 1705 2463 1825 2519; x_wconf 81' lang='lat' dir='ltr'><strong>per·</strong></span> 
     </span>
     <span class='ocr_line' id='line_1_27' title="bbox 261 2528 1829 2611; baseline 0.009 -28"><span class='ocrx_word' id='word_1_173' title='bbox 261 2528 446 2595; x_wconf 84' lang='lat' dir='ltr'><strong>licere,</strong></span> <span class='ocrx_word' id='word_1_174' title='bbox 476 2546 631 2586; x_wconf 85' lang='lat' dir='ltr'><strong>sacra</strong></span> <span class='ocrx_word' id='word_1_175' title='bbox 654 2544 851 2590; x_wconf 83' lang='lat' dir='ltr'><strong>exutus</strong></span> <span class='ocrx_word' id='word_1_176' title='bbox 894 2536 1055 2603; x_wconf 85' lang='lat' dir='ltr'><strong>stola,</strong></span> <span class='ocrx_word' id='word_1_177' title='bbox 1122 2537 1257 2603; x_wconf 87' lang='lat' dir='ltr'><strong>abit,</strong></span> <span class='ocrx_word' id='word_1_178' title='bbox 1290 2549 1345 2596; x_wconf 89' lang='lat' dir='ltr'><strong>et</strong></span> <span class='ocrx_word' id='word_1_179' title='bbox 1403 2555 1543 2611; x_wconf 87' lang='lat' dir='ltr'><strong>opus</strong></span> <span class='ocrx_word' id='word_1_180' title='bbox 1586 2543 1829 2598; x_wconf 69' lang='lat' dir='ltr'><strong>crastina</strong></span> 
     </span>
     <span class='ocr_line' id='line_1_28' title="bbox 263 2620 1833 2701; baseline 0.011 -29"><span class='ocrx_word' id='word_1_181' title='bbox 263 2620 350 2674; x_wconf 88' lang='lat' dir='ltr'><strong>die</strong></span> <span class='ocrx_word' id='word_1_182' title='bbox 376 2621 590 2693; x_wconf 87' lang='lat' dir='ltr'><strong>perlicit</strong></span> <span class='ocrx_word' id='word_1_183' title='bbox 621 2639 637 2690; x_wconf 82' lang='lat'><em>3</em></span> <span class='ocrx_word' id='word_1_184' title='bbox 671 2625 806 2682; x_wconf 82' lang='lat' dir='ltr'><strong>alias</strong></span> <span class='ocrx_word' id='word_1_185' title='bbox 853 2637 1056 2692; x_wconf 86' lang='lat' dir='ltr'><strong>autem,</strong></span> <span class='ocrx_word' id='word_1_186' title='bbox 1087 2632 1263 2685; x_wconf 86' lang='lat' dir='ltr'><strong>solam</strong></span> <span class='ocrx_word' id='word_1_187' title='bbox 1305 2632 1532 2701; x_wconf 84' lang='lat' dir='ltr'><strong>ejiciens</strong></span> <span class='ocrx_word' id='word_1_188' title='bbox 1577 2634 1833 2701; x_wconf 86' lang='lat' dir='ltr'><strong>sindona,</strong></span> 
     </span>
     <span class='ocr_line' id='line_1_29' title="bbox 263 2715 1832 2795; baseline 0.012 -30"><span class='ocrx_word' id='word_1_189' title='bbox 263 2715 520 2782; x_wconf 89' lang='lat' dir='ltr'><strong>quoniam</strong></span> <span class='ocrx_word' id='word_1_190' title='bbox 544 2732 972 2784; x_wconf 10' lang='lat' dir='ltr'><strong>*monumentum</strong></span> <span class='ocrx_word' id='word_1_191' title='bbox 1009 2721 1216 2778; x_wconf 79' lang='lat' dir='ltr'><strong>Christi</strong></span> <span class='ocrx_word' id='word_1_192' title='bbox 1257 2723 1507 2795; x_wconf 78' lang='lat' dir='ltr'><strong>perfecit,</strong></span> <span class='ocrx_word' id='word_1_193' title='bbox 1558 2740 1684 2782; x_wconf 83' lang='lat' dir='ltr'><strong>cum</strong></span> <span class='ocrx_word' id='word_1_194' title='bbox 1717 2728 1832 2784; x_wconf 87' lang='lat' dir='ltr'><strong>sola</strong></span> 
     </span>
     <span class='ocr_line' id='line_1_30' title="bbox 265 2806 1836 2891; baseline 0.012 -34"><span class='ocrx_word' id='word_1_195' title='bbox 265 2806 568 2872; x_wconf 75' lang='lat' dir='ltr'><strong>pontificali</strong></span> <span class='ocrx_word' id='word_1_196' title='bbox 600 2809 761 2874; x_wconf 85' lang='lat' dir='ltr'><strong>stola,</strong></span> <span class='ocrx_word' id='word_1_197' title='bbox 788 2812 995 2883; x_wconf 88' lang='lat' dir='ltr'><strong>reliqua</strong></span> <span class='ocrx_word' id='word_1_198' title='bbox 1025 2824 1306 2883; x_wconf 81' lang='lat' dir='ltr'><strong>operatur,</strong></span> <span class='ocrx_word' id='word_1_199' title='bbox 1352 2816 1609 2885; x_wconf 77' lang='lat' dir='ltr'><strong>reliquias</strong></span> <span class='ocrx_word' id='word_1_200' title='bbox 1663 2817 1836 2891; x_wconf 86' lang='lat' dir='ltr'><strong>depo-</strong></span> 
     </span>
     <span class='ocr_line' id='line_1_31' title="bbox 265 2895 1841 2982; baseline 0.011 -33"><span class='ocrx_word' id='word_1_201' title='bbox 265 2895 675 2977; x_wconf 82' lang='lat' dir='ltr'><strong>nit,januarum</strong></span> <span class='ocrx_word' id='word_1_202' title='bbox 701 2912 1013 2973; x_wconf 85' lang='lat' dir='ltr'><strong>aperturam</strong></span> <span class='ocrx_word' id='word_1_203' title='bbox 1038 2904 1187 2975; x_wconf 79' lang='lat' dir='ltr'><strong>lacit,</strong></span> <span class='ocrx_word' id='word_1_204' title='bbox 1230 2915 1285 2963; x_wconf 89' lang='lat' dir='ltr'><strong>et</strong></span> <span class='ocrx_word' id='word_1_205' title='bbox 1324 2923 1541 2965; x_wconf 87' lang='lat' dir='ltr'><strong>sacrum</strong></span> <span class='ocrx_word' id='word_1_206' title='bbox 1579 2910 1841 2982; x_wconf 83' lang='lat' dir='ltr'><strong>adimplet</strong></span> 
     </span>
    </p>
   </div>
   <div class='ocr_carea' id='block_1_10' title="bbox 265 2990 1836 3144">
    <p class='ocr_par' dir='ltr' id='par_1_10' title="bbox 265 2990 1836 3144">
     <span class='ocr_line' id='line_1_32' title="bbox 266 2990 1836 3068; baseline 0.01 -26"><span class='ocrx_word' id='word_1_207' title='bbox 266 2990 619 3057; x_wconf 74' lang='lat' dir='ltr'><strong>sacrificium,</strong></span> <span class='ocrx_word' id='word_1_208' title='bbox 650 2995 906 3065; x_wconf 87' lang='lat' dir='ltr'><strong>quoniam</strong></span> <span class='ocrx_word' id='word_1_209' title='bbox 937 2998 1111 3068; x_wconf 81' lang='lat' dir='ltr'><strong>ipsum</strong></span> <span class='ocrx_word' id='word_1_210' title='bbox 1141 3009 1226 3056; x_wconf 84' lang='lat' dir='ltr'><strong>est</strong></span> <span class='ocrx_word' id='word_1_211' title='bbox 1265 3000 1571 3056; x_wconf 82' lang='lat' dir='ltr'><strong>divinorum</strong></span> <span class='ocrx_word' id='word_1_212' title='bbox 1590 3002 1836 3057; x_wconf 92' lang='lat' dir='ltr'><strong>omnium</strong></span> 
     </span>
     <span class='ocr_line' id='line_1_33' title="bbox 265 3088 680 3144; baseline 0.017 -7"><span class='ocrx_word' id='word_1_213' title='bbox 265 3088 680 3144; x_wconf 82' lang='lat' dir='ltr'><strong>consummatio.</strong></span> 
     </span>
    </p>
   </div>
   <div class='ocr_carea' id='block_1_11' title="bbox 305 3291 1803 3472">
    <p class='ocr_par' dir='ltr' id='par_1_11' title="bbox 305 3291 1803 3472">
     <span class='ocr_line' id='line_1_34' title="bbox 827 3291 1261 3350; baseline -0.009 0"><span class='ocrx_word' id='word_1_214' title='bbox 827 3291 1053 3350; x_wconf 78' lang='lat' dir='ltr'>CAPUT</span> <span class='ocrx_word' id='word_1_215' title='bbox 1079 3291 1261 3348; x_wconf 82' lang='lat' dir='ltr'><strong>CXVl.</strong></span> 
     </span>
     <span class='ocr_line' id='line_1_35' title="bbox 305 3386 1803 3472; baseline 0.001 -30"><span class='ocrx_word' id='word_1_216' title='bbox 305 3387 482 3453; x_wconf 80' lang='lat' dir='ltr'><strong>Quare</strong></span> <span class='ocrx_word' id='word_1_217' title='bbox 515 3386 747 3456; x_wconf 67' lang='lat' dir='ltr'><strong>reliquia</strong></span> <span class='ocrx_word' id='word_1_218' title='bbox 782 3397 1080 3458; x_wconf 73' lang='lat' dir='ltr'><strong>martyrum</strong></span> <span class='ocrx_word' id='word_1_219' title='bbox 1117 3388 1211 3472; x_wconf 70' lang='lat' dir='ltr'><strong>sub</strong></span> <span class='ocrx_word' id='word_1_220' title='bbox 1248 3389 1410 3444; x_wconf 83' lang='lat' dir='ltr'><strong>altari</strong></span> <span class='ocrx_word' id='word_1_221' title='bbox 1444 3389 1803 3458; x_wconf 79' lang='lat' dir='ltr'><strong>deponantur.</strong></span> 
     </span>
    </p>
   </div>
   <div class='ocr_carea' id='block_1_12' title="bbox 273 3565 1849 4469">
    <p class='ocr_par' dir='ltr' id='par_1_12' title="bbox 273 3565 1849 4469">
     <span class='ocr_line' id='line_1_36' title="bbox 341 3565 1844 3642; baseline 0.007 -21"><span class='ocrx_word' id='word_1_222' title='bbox 341 3567 400 3623; x_wconf 91' lang='lat' dir='ltr'><strong>ln</strong></span> <span class='ocrx_word' id='word_1_223' title='bbox 430 3574 676 3623; x_wconf 78' lang='lat' dir='ltr'><strong>sanctum</strong></span> <span class='ocrx_word' id='word_1_224' title='bbox 734 3565 902 3637; x_wconf 78' lang='lat' dir='ltr'><strong>igitur</strong></span> <span class='ocrx_word' id='word_1_225' title='bbox 926 3577 1083 3624; x_wconf 83' lang='lat' dir='ltr'><strong>vetus</strong></span> <span class='ocrx_word' id='word_1_226' title='bbox 1135 3571 1396 3642; x_wconf 90' lang='lat' dir='ltr'><strong>templum</strong></span> <span class='ocrx_word' id='word_1_227' title='bbox 1445 3587 1702 3636; x_wconf 81' lang='lat' dir='ltr'><strong>reversus</strong></span> <span class='ocrx_word' id='word_1_228' title='bbox 1750 3575 1844 3632; x_wconf 81' lang='lat' dir='ltr'><strong>uhi</strong></span> 
     </span>
     <span class='ocr_line' id='line_1_37' title="bbox 274 3659 1845 3735; baseline 0.006 -19"><span class='ocrx_word' id='word_1_229' title='bbox 274 3661 536 3732; x_wconf 87' lang='lat' dir='ltr'><strong>reliquias</strong></span> <span class='ocrx_word' id='word_1_230' title='bbox 585 3659 939 3730; x_wconf 78' lang='lat' dir='ltr'><strong>deposuerat,</strong></span> <span class='ocrx_word' id='word_1_231' title='bbox 1002 3663 1326 3734; x_wconf 86' lang='lat' dir='ltr'><strong>duabusque</strong></span> <span class='ocrx_word' id='word_1_232' title='bbox 1370 3665 1696 3735; x_wconf 80' lang='lat' dir='ltr'><strong>deprecatus</strong></span> <span class='ocrx_word' id='word_1_233' title='bbox 1720 3681 1845 3725; x_wconf 91' lang='lat' dir='ltr'><strong>ora-</strong></span> 
     </span>
     <span class='ocr_line' id='line_1_38' title="bbox 274 3738 1845 3834; baseline 0.006 -26"><span class='ocrx_word' id='word_1_234' title='bbox 274 3753 535 3822; x_wconf 89' lang='lat' dir='ltr'><strong>tionibus,</strong></span> <span class='ocrx_word' id='word_1_235' title='bbox 582 3751 691 3809; x_wconf 83' lang='lat' dir='ltr'><strong>Dco</strong></span> <span class='ocrx_word' id='word_1_236' title='bbox 725 3754 931 3825; x_wconf 68' lang='lat' dir='ltr'><strong>gratias</strong></span> <span class='ocrx_word' id='word_1_237' title='bbox 972 3755 1429 3834; x_wconf 77' lang='lat' dir='ltr'><strong>exprimentibus,</strong></span> <span class='ocrx_word' id='word_1_238' title='bbox 1478 3769 1700 3829; x_wconf 89' lang='lat' dir='ltr'><strong>propter</strong></span> <span class='ocrx_word' id='word_1_239' title='bbox 1744 3738 1845 3817; x_wconf 55' lang='lat' dir='ltr'><strong>doss</strong></span> 
     </span>
     <span class='ocr_line' id='line_1_39' title="bbox 273 3846 1847 3927; baseline 0.006 -25"><span class='ocrx_word' id='word_1_240' title='bbox 273 3863 402 3902; x_wconf 91' lang='lat' dir='ltr'><strong>num</strong></span> <span class='ocrx_word' id='word_1_241' title='bbox 441 3846 792 3917; x_wconf 87' lang='lat' dir='ltr'><strong>reliquiarum</strong></span> <span class='ocrx_word' id='word_1_242' title='bbox 846 3856 1166 3918; x_wconf 83' lang='lat' dir='ltr'><strong>martyrum,</strong></span> <span class='ocrx_word' id='word_1_243' title='bbox 1196 3864 1291 3906; x_wconf 85' lang='lat' dir='ltr'><strong>eas</strong></span> <span class='ocrx_word' id='word_1_244' title='bbox 1321 3865 1502 3920; x_wconf 79' lang='lat' dir='ltr'><strong>super,</strong></span> <span class='ocrx_word' id='word_1_245' title='bbox 1532 3863 1694 3923; x_wconf 86' lang='lat' dir='ltr'><strong>caput</strong></span> <span class='ocrx_word' id='word_1_246' title='bbox 1749 3870 1847 3927; x_wconf 74' lang='lat' dir='ltr'><strong>ge-</strong></span> 
     </span>
     <span class='ocr_line' id='line_1_40' title="bbox 275 3938 1848 4012; baseline 0.006 -16"><span class='ocrx_word' id='word_1_247' title='bbox 275 3947 404 3996; x_wconf 86' lang='lat' dir='ltr'><strong>stat.</strong></span> <span class='ocrx_word' id='word_1_248' title='bbox 433 3939 649 3994; x_wconf 81' lang='lat' dir='ltr'><strong>Etcum</strong></span> <span class='ocrx_word' id='word_1_249' title='bbox 693 3938 925 4005; x_wconf 78' lang='lat' dir='ltr'><strong>venerit,</strong></span> <span class='ocrx_word' id='word_1_250' title='bbox 963 3939 1185 4012; x_wconf 82' lang='lat' dir='ltr'><strong>deponit</strong></span> <span class='ocrx_word' id='word_1_251' title='bbox 1237 3956 1331 3997; x_wconf 88' lang='lat' dir='ltr'><strong>eas</strong></span> <span class='ocrx_word' id='word_1_252' title='bbox 1381 3959 1446 3997; x_wconf 85' lang='lat' dir='ltr'><strong>ex</strong></span> <span class='ocrx_word' id='word_1_253' title='bbox 1508 3960 1701 4003; x_wconf 83' lang='lat' dir='ltr'><strong>more:</strong></span> <span class='ocrx_word' id='word_1_254' title='bbox 1739 3962 1848 4005; x_wconf 87' lang='lat' dir='ltr'><strong>non</strong></span> 
     </span>
     <span class='ocr_line' id='line_1_41' title="bbox 277 4030 1849 4106; baseline 0.004 -18"><span class='ocrx_word' id='word_1_255' title='bbox 277 4033 424 4088; x_wconf 88' lang='lat' dir='ltr'><strong>enim</strong></span> <span class='ocrx_word' id='word_1_256' title='bbox 454 4030 539 4085; x_wconf 84' lang='lat' dir='ltr'><strong>l&#39;as</strong></span> <span class='ocrx_word' id='word_1_257' title='bbox 576 4040 662 4086; x_wconf 88' lang='lat' dir='ltr'><strong>est</strong></span> <span class='ocrx_word' id='word_1_258' title='bbox 692 4032 900 4102; x_wconf 87' lang='lat' dir='ltr'><strong>absque</strong></span> <span class='ocrx_word' id='word_1_259' title='bbox 924 4042 1225 4104; x_wconf 80' lang='lat' dir='ltr'><strong>martyrum</strong></span> <span class='ocrx_word' id='word_1_260' title='bbox 1282 4034 1533 4106; x_wconf 64' lang='lat' dir='ltr'><strong>reliquiis</strong></span> <span class='ocrx_word' id='word_1_261' title='bbox 1590 4037 1673 4095; x_wconf 82' lang='lat' dir='ltr'><strong>vel</strong></span> <span class='ocrx_word' id='word_1_262' title='bbox 1707 4041 1849 4097; x_wconf 88' lang='lat' dir='ltr'><strong>ossi-</strong></span> 
     </span>
     <span class='ocr_line' id='line_1_42' title="bbox 277 4117 1849 4198; baseline 0.007 -23"><span class='ocrx_word' id='word_1_263' title='bbox 277 4123 380 4175; x_wconf 78' lang='lat' dir='ltr'><strong>bus</strong></span> <span class='ocrx_word' id='word_1_264' title='bbox 423 4117 600 4176; x_wconf 87' lang='lat' dir='ltr'><strong>sacris</strong></span> <span class='ocrx_word' id='word_1_265' title='bbox 635 4123 850 4191; x_wconf 87' lang='lat' dir='ltr'><strong>operari</strong></span> <span class='ocrx_word' id='word_1_266' title='bbox 881 4123 1372 4193; x_wconf 87' lang='lat' dir='ltr'><strong>consecrationem,</strong></span> <span class='ocrx_word' id='word_1_267' title='bbox 1410 4127 1673 4198; x_wconf 85' lang='lat' dir='ltr'><strong>quoniam</strong></span> <span class='ocrx_word' id='word_1_268' title='bbox 1704 4145 1849 4185; x_wconf 85' lang='lat' dir='ltr'><strong>mar-</strong></span> 
     </span>
     <span class='ocr_line' id='line_1_43' title="bbox 277 4210 1839 4288; baseline 0.007 -21"><span class='ocrx_word' id='word_1_269' title='bbox 277 4222 424 4282; x_wconf 80' lang='lat' dir='ltr'><strong>tyres</strong></span> <span class='ocrx_word' id='word_1_270' title='bbox 448 4210 703 4268; x_wconf 64' lang='lat' dir='ltr'><strong>Ecclesia</strong></span> <span class='ocrx_word' id='word_1_271' title='bbox 763 4211 1113 4267; x_wconf 76' lang='lat' dir='ltr'><strong>fundamenta</strong></span> <span class='ocrx_word' id='word_1_272' title='bbox 1159 4225 1289 4269; x_wconf 88' lang='lat' dir='ltr'><strong>suut</strong></span> <span class='ocrx_word' id='word_1_273' title='bbox 1332 4230 1497 4288; x_wconf 87' lang='lat' dir='ltr'><strong>super</strong></span> <span class='ocrx_word' id='word_1_274' title='bbox 1539 4218 1839 4283; x_wconf 78' lang='lat' dir='ltr'><strong>salvatoris</strong></span> 
     </span>
     <span class='ocr_line' id='line_1_44' title="bbox 281 4301 1849 4373; baseline 0.006 -15"><span class='ocrx_word' id='word_1_275' title='bbox 281 4305 634 4360; x_wconf 72' lang='lat' dir='ltr'><strong>fundamento</strong></span> <span class='ocrx_word' id='word_1_276' title='bbox 663 4303 953 4359; x_wconf 79' lang='lat' dir='ltr'><strong>aedilicata.</strong></span> <span class='ocrx_word' id='word_1_277' title='bbox 984 4301 1211 4373; x_wconf 84' lang='lat' dir='ltr'><strong>Oportet</strong></span> <span class='ocrx_word' id='word_1_278' title='bbox 1240 4306 1405 4364; x_wconf 86' lang='lat' dir='ltr'><strong>etiam</strong></span> <span class='ocrx_word' id='word_1_279' title='bbox 1442 4309 1566 4368; x_wconf 83' lang='lat' dir='ltr'><strong>illas</strong></span> <span class='ocrx_word' id='word_1_280' title='bbox 1586 4312 1691 4367; x_wconf 77' lang='lat' dir='ltr'><strong>suh</strong></span> <span class='ocrx_word' id='word_1_281' title='bbox 1715 4310 1849 4368; x_wconf 84' lang='lat' dir='ltr'><strong>alta-</strong></span> 
     </span>
     <span class='ocr_line' id='line_1_45' title="bbox 281 4392 1847 4469; baseline 0.004 -17"><span class='ocrx_word' id='word_1_282' title='bbox 281 4398 326 4452; x_wconf 92' lang='lat' dir='ltr'><strong>ri</strong></span> <span class='ocrx_word' id='word_1_283' title='bbox 365 4410 510 4463; x_wconf 81' lang='lat' dir='ltr'><strong>esse,</strong></span> <span class='ocrx_word' id='word_1_284' title='bbox 543 4395 802 4466; x_wconf 89' lang='lat' dir='ltr'><strong>quoniam</strong></span> <span class='ocrx_word' id='word_1_285' title='bbox 847 4392 994 4448; x_wconf 89' lang='lat' dir='ltr'><strong>istud</strong></span> <span class='ocrx_word' id='word_1_286' title='bbox 1029 4401 1115 4448; x_wconf 86' lang='lat' dir='ltr'><strong>est</strong></span> <span class='ocrx_word' id='word_1_287' title='bbox 1145 4395 1424 4465; x_wconf 83' lang='lat' dir='ltr'><strong>Ecclesia;</strong></span> <span class='ocrx_word' id='word_1_288' title='bbox 1477 4400 1734 4469; x_wconf 88' lang='lat' dir='ltr'><strong>quoniam</strong></span> <span class='ocrx_word' id='word_1_289' title='bbox 1792 4413 1847 4458; x_wconf 87' lang='lat' dir='ltr'><strong>et</strong></span> 
     </span>
    </p>
   </div>
   <div class='ocr_carea' id='block_1_13' title="bbox 281 4461 3644 4555">
    <p class='ocr_par' dir='ltr' id='par_1_13' title="bbox 281 4461 3644 4555">
     <span class='ocr_line' id='line_1_46' title="bbox 281 4461 3644 4555; baseline 0.002 -11"><span class='ocrx_word' id='word_1_290' title='bbox 281 4489 515 4544; x_wconf 84' lang='lat' dir='ltr'><strong>thronus</strong></span> <span class='ocrx_word' id='word_1_291' title='bbox 551 4486 643 4540; x_wconf 85' lang='lat' dir='ltr'><strong>Dei</strong></span> <span class='ocrx_word' id='word_1_292' title='bbox 673 4493 758 4541; x_wconf 85' lang='lat' dir='ltr'><strong>est</strong></span> <span class='ocrx_word' id='word_1_293' title='bbox 788 4492 842 4537; x_wconf 91' lang='lat' dir='ltr'><strong>et</strong></span> <span class='ocrx_word' id='word_1_294' title='bbox 862 4483 1063 4540; x_wconf 87' lang='lat' dir='ltr'><strong>Christi</strong></span> <span class='ocrx_word' id='word_1_295' title='bbox 1092 4484 1184 4540; x_wconf 87' lang='lat' dir='ltr'><strong>Dei</strong></span> <span class='ocrx_word' id='word_1_296' title='bbox 1216 4500 1627 4545; x_wconf 86' lang='lat' dir='ltr'><strong>monumentum</strong></span> <span class='ocrx_word' id='word_1_297' title='bbox 1659 4510 1673 4550; x_wconf 75' lang='grc' dir='ltr'><strong>ι</strong></span> <span class='ocrx_word' id='word_1_298' title='bbox 1704 4495 1847 4550; x_wconf 89' lang='lat' dir='ltr'><strong>unde</strong></span> <span class='ocrx_word' id='word_1_299' title='bbox 1881 4474 1923 4526; x_wconf 82' lang='lat'>⁰</span> <span class='ocrx_word' id='word_1_300' title='bbox 1963 4482 2284 4553; x_wconf 58' lang='grc' dir='ltr'><strong>Ἐκκλησία·</strong></span> <span class='ocrx_word' id='word_1_301' title='bbox 2312 4482 2438 4536; x_wconf 55' lang='grc' dir='ltr'><strong>ῑπῑῖ</strong></span> <span class='ocrx_word' id='word_1_302' title='bbox 2481 4484 2576 4536; x_wconf 58' lang='grc' dir='ltr'><strong>καὶ</strong></span> <span class='ocrx_word' id='word_1_303' title='bbox 2621 4483 2810 4553; x_wconf 67' lang='grc' dir='ltr'><strong>006νοὶ</strong></span> <span class='ocrx_word' id='word_1_304' title='bbox 2839 4481 2975 4538; x_wconf 70' lang='grc' dir='ltr'><strong>9εοῦ</strong></span> <span class='ocrx_word' id='word_1_305' title='bbox 3011 4485 3128 4544; x_wconf 59' lang='lat'><strong>3⁶1²</strong></span> <span class='ocrx_word' id='word_1_306' title='bbox 3180 4486 3281 4538; x_wconf 50' lang='lat'><strong>&#39;‘⁸‘-</strong></span> <span class='ocrx_word' id='word_1_307' title='bbox 3334 4489 3538 4555; x_wconf 57' lang='grc' dir='ltr'><strong>μνῆμα</strong></span> <span class='ocrx_word' id='word_1_308' title='bbox 3634 4461 3644 4481; x_wconf 50' lang='grc'><strong>’</strong></span> 
     </span>
    </p>
   </div>
   <div class='ocr_carea' id='block_1_14' title="bbox 282 4573 1865 5838">
    <p class='ocr_par' dir='ltr' id='par_1_14' title="bbox 282 4573 1865 5838">
     <span class='ocr_line' id='line_1_47' title="bbox 282 4573 1849 4650; baseline 0.004 -17"><span class='ocrx_word' id='word_1_309' title='bbox 282 4593 500 4650; x_wconf 88' lang='lat' dir='ltr'><strong>quoque</strong></span> <span class='ocrx_word' id='word_1_310' title='bbox 521 4575 742 4647; x_wconf 80' lang='lat' dir='ltr'><strong>myrrha</strong></span> <span class='ocrx_word' id='word_1_311' title='bbox 774 4573 1014 4645; x_wconf 77' lang='lat' dir='ltr'><strong>ungitur,</strong></span> <span class='ocrx_word' id='word_1_312' title='bbox 1078 4584 1132 4630; x_wconf 87' lang='lat' dir='ltr'><strong>et</strong></span> <span class='ocrx_word' id='word_1_313' title='bbox 1166 4574 1521 4647; x_wconf 76' lang='lat' dir='ltr'><strong>Evangelium</strong></span> <span class='ocrx_word' id='word_1_314' title='bbox 1563 4581 1744 4648; x_wconf 81' lang='lat' dir='ltr'><strong>habet,</strong></span> <span class='ocrx_word' id='word_1_315' title='bbox 1793 4592 1849 4639; x_wconf 88' lang='lat' dir='ltr'><strong>et</strong></span> 
     </span>
     <span class='ocr_line' id='line_1_48' title="bbox 283 4666 1852 4741; baseline 0.003 -13"><span class='ocrx_word' id='word_1_316' title='bbox 283 4672 384 4728; x_wconf 86' lang='lat' dir='ltr'><strong>sub</strong></span> <span class='ocrx_word' id='word_1_317' title='bbox 407 4671 525 4741; x_wconf 87' lang='lat' dir='ltr'><strong>ipso</strong></span> <span class='ocrx_word' id='word_1_318' title='bbox 548 4666 773 4737; x_wconf 84' lang='lat' dir='ltr'><strong>pulchre</strong></span> <span class='ocrx_word' id='word_1_319' title='bbox 798 4676 927 4723; x_wconf 84' lang='lat' dir='ltr'><strong>sunt</strong></span> <span class='ocrx_word' id='word_1_320' title='bbox 972 4675 1287 4722; x_wconf 86' lang='lat' dir='ltr'><strong>sauctorum</strong></span> <span class='ocrx_word' id='word_1_321' title='bbox 1323 4669 1590 4739; x_wconf 85' lang='lat' dir='ltr'><strong>reliquiae,</strong></span> <span class='ocrx_word' id='word_1_322' title='bbox 1623 4681 1680 4728; x_wconf 90' lang='lat' dir='ltr'><strong>et</strong></span> <span class='ocrx_word' id='word_1_323' title='bbox 1732 4676 1852 4732; x_wconf 87' lang='lat' dir='ltr'><strong>sinc</strong></span> 
     </span>
     <span class='ocr_line' id='line_1_49' title="bbox 284 4759 1849 4834; baseline 0 -13"><span class='ocrx_word' id='word_1_324' title='bbox 284 4761 530 4832; x_wconf 88' lang='lat' dir='ltr'><strong>reliquiis</strong></span> <span class='ocrx_word' id='word_1_325' title='bbox 561 4774 666 4814; x_wconf 91' lang='lat' dir='ltr'><strong>non</strong></span> <span class='ocrx_word' id='word_1_326' title='bbox 699 4769 783 4815; x_wconf 88' lang='lat' dir='ltr'><strong>est</strong></span> <span class='ocrx_word' id='word_1_327' title='bbox 808 4759 1067 4828; x_wconf 79' lang='lat' dir='ltr'><strong>possibile</strong></span> <span class='ocrx_word' id='word_1_328' title='bbox 1097 4759 1566 4815; x_wconf 85' lang='lat' dir='ltr'><strong>consecrationem</strong></span> <span class='ocrx_word' id='word_1_329' title='bbox 1609 4767 1849 4834; x_wconf 78' lang='lat' dir='ltr'><strong>operari,</strong></span> 
     </span>
     <span class='ocr_line' id='line_1_50' title="bbox 283 4851 1856 4927; baseline -0.001 -14"><span class='ocrx_word' id='word_1_330' title='bbox 283 4857 428 4913; x_wconf 84' lang='lat' dir='ltr'><strong>sieut</strong></span> <span class='ocrx_word' id='word_1_331' title='bbox 455 4853 627 4910; x_wconf 82' lang='lat' dir='ltr'><strong>sancti</strong></span> <span class='ocrx_word' id='word_1_332' title='bbox 660 4852 1090 4909; x_wconf 85' lang='lat' dir='ltr'><strong>declaraverunt.</strong></span> <span class='ocrx_word' id='word_1_333' title='bbox 1114 4851 1296 4907; x_wconf 79' lang='lat' dir='ltr'><strong>Sacrae</strong></span> <span class='ocrx_word' id='word_1_334' title='bbox 1321 4867 1452 4907; x_wconf 80' lang='lat' dir='ltr'><strong>vero</strong></span> <span class='ocrx_word' id='word_1_335' title='bbox 1476 4853 1720 4924; x_wconf 86' lang='lat' dir='ltr'><strong>reliquiae</strong></span> <span class='ocrx_word' id='word_1_336' title='bbox 1744 4857 1856 4927; x_wconf 91' lang='lat' dir='ltr'><strong>pri·</strong></span> 
     </span>
     <span class='ocr_line' id='line_1_51' title="bbox 287 4943 1858 5015; baseline 0.001 -13"><span class='ocrx_word' id='word_1_337' title='bbox 287 4963 354 5004; x_wconf 87' lang='lat' dir='ltr'><strong>us</strong></span> <span class='ocrx_word' id='word_1_338' title='bbox 383 4946 728 5015; x_wconf 88' lang='lat' dir='ltr'><strong>deponuntur</strong></span> <span class='ocrx_word' id='word_1_339' title='bbox 749 4947 802 4999; x_wconf 90' lang='lat' dir='ltr'><strong>in</strong></span> <span class='ocrx_word' id='word_1_340' title='bbox 832 4947 1089 5014; x_wconf 87' lang='lat' dir='ltr'><strong>templum</strong></span> <span class='ocrx_word' id='word_1_341' title='bbox 1109 4960 1174 5000; x_wconf 85' lang='lat' dir='ltr'><strong>eo</strong></span> <span class='ocrx_word' id='word_1_342' title='bbox 1203 4943 1347 5013; x_wconf 83' lang='lat' dir='ltr'><strong>quod</strong></span> <span class='ocrx_word' id='word_1_343' title='bbox 1370 4945 1704 5002; x_wconf 80' lang='lat' dir='ltr'><strong>sanctificata</strong></span> <span class='ocrx_word' id='word_1_344' title='bbox 1727 4957 1858 5003; x_wconf 90' lang='lat' dir='ltr'><strong>sunt</strong></span> 
     </span>
     <span class='ocr_line' id='line_1_52' title="bbox 284 5031 1854 5106; baseline 0.001 -17"><span class='ocrx_word' id='word_1_345' title='bbox 284 5031 488 5089; x_wconf 86' lang='lat' dir='ltr'><strong>Christi</strong></span> <span class='ocrx_word' id='word_1_346' title='bbox 520 5034 758 5086; x_wconf 83' lang='lat' dir='ltr'><strong>membra</strong></span> <span class='ocrx_word' id='word_1_347' title='bbox 786 5040 839 5087; x_wconf 87' lang='lat' dir='ltr'><strong>et</strong></span> <span class='ocrx_word' id='word_1_348' title='bbox 867 5032 1081 5096; x_wconf 86' lang='lat' dir='ltr'><strong>altaria,</strong></span> <span class='ocrx_word' id='word_1_349' title='bbox 1134 5039 1391 5104; x_wconf 86' lang='lat' dir='ltr'><strong>tanquam</strong></span> <span class='ocrx_word' id='word_1_350' title='bbox 1424 5043 1645 5105; x_wconf 87' lang='lat' dir='ltr'><strong>propter</strong></span> <span class='ocrx_word' id='word_1_351' title='bbox 1675 5036 1854 5106; x_wconf 89' lang='lat' dir='ltr'><strong>ipsum</strong></span> 
     </span>
     <span class='ocr_line' id='line_1_53' title="bbox 288 5119 1854 5194; baseline 0.003 -18"><span class='ocrx_word' id='word_1_352' title='bbox 288 5121 588 5177; x_wconf 86' lang='lat' dir='ltr'><strong>immolata.</strong></span> <span class='ocrx_word' id='word_1_353' title='bbox 619 5119 678 5176; x_wconf 88' lang='lat' dir='ltr'><strong>ln</strong></span> <span class='ocrx_word' id='word_1_354' title='bbox 719 5122 1154 5179; x_wconf 78' lang='lat' dir='ltr'><strong>sacratissimum</strong></span> <span class='ocrx_word' id='word_1_355' title='bbox 1210 5124 1572 5194; x_wconf 85' lang='lat' dir='ltr'><strong>imponuntur</strong></span> <span class='ocrx_word' id='word_1_356' title='bbox 1619 5126 1854 5194; x_wconf 86' lang='lat' dir='ltr'><strong>discum,</strong></span> 
     </span>
     <span class='ocr_line' id='line_1_54' title="bbox 289 5213 1860 5285; baseline 0.003 -16"><span class='ocrx_word' id='word_1_357' title='bbox 289 5215 418 5285; x_wconf 89' lang='lat' dir='ltr'><strong>quia</strong></span> <span class='ocrx_word' id='word_1_358' title='bbox 461 5228 645 5284; x_wconf 89' lang='lat' dir='ltr'><strong>parem</strong></span> <span class='ocrx_word' id='word_1_359' title='bbox 680 5228 802 5268; x_wconf 90' lang='lat' dir='ltr'><strong>cum</strong></span> <span class='ocrx_word' id='word_1_360' title='bbox 835 5213 1063 5269; x_wconf 90' lang='lat' dir='ltr'><strong>Domino</strong></span> <span class='ocrx_word' id='word_1_361' title='bbox 1093 5215 1428 5285; x_wconf 85' lang='lat' dir='ltr'><strong>participant</strong></span> <span class='ocrx_word' id='word_1_362' title='bbox 1461 5217 1750 5282; x_wconf 87' lang='lat' dir='ltr'><strong>honorem,</strong></span> <span class='ocrx_word' id='word_1_363' title='bbox 1789 5219 1860 5273; x_wconf 87' lang='lat' dir='ltr'><strong>ob</strong></span> 
     </span>
     <span class='ocr_line' id='line_1_55' title="bbox 288 5307 1862 5379; baseline -0.001 -14"><span class='ocrx_word' id='word_1_364' title='bbox 288 5308 464 5379; x_wconf 85' lang='lat' dir='ltr'><strong>ipsum</strong></span> <span class='ocrx_word' id='word_1_365' title='bbox 495 5308 797 5362; x_wconf 83' lang='lat' dir='ltr'><strong>certamina</strong></span> <span class='ocrx_word' id='word_1_366' title='bbox 827 5321 1016 5376; x_wconf 57' lang='lat' dir='ltr'><strong>passae.</strong></span> <span class='ocrx_word' id='word_1_367' title='bbox 1044 5307 1221 5377; x_wconf 83' lang='lat' dir='ltr'><strong>Super</strong></span> <span class='ocrx_word' id='word_1_368' title='bbox 1251 5318 1622 5362; x_wconf 85' lang='lat' dir='ltr'><strong>consecratam</strong></span> <span class='ocrx_word' id='word_1_369' title='bbox 1642 5323 1862 5379; x_wconf 90' lang='lat' dir='ltr'><strong>ponun-</strong></span> 
     </span>
     <span class='ocr_line' id='line_1_56' title="bbox 291 5397 1864 5470; baseline 0 -16"><span class='ocrx_word' id='word_1_370' title='bbox 291 5408 380 5454; x_wconf 92' lang='lat' dir='ltr'><strong>tur</strong></span> <span class='ocrx_word' id='word_1_371' title='bbox 397 5413 660 5464; x_wconf 83' lang='lat' dir='ltr'><strong>mensam,</strong></span> <span class='ocrx_word' id='word_1_372' title='bbox 686 5399 953 5470; x_wconf 85' lang='lat' dir='ltr'><strong>siquidem</strong></span> <span class='ocrx_word' id='word_1_373' title='bbox 986 5413 1108 5454; x_wconf 87' lang='lat' dir='ltr'><strong>cum</strong></span> <span class='ocrx_word' id='word_1_374' title='bbox 1139 5397 1357 5453; x_wconf 87' lang='lat' dir='ltr'><strong>Christo</strong></span> <span class='ocrx_word' id='word_1_375' title='bbox 1383 5409 1608 5454; x_wconf 70' lang='lat' dir='ltr'><strong>mortuas</strong></span> <span class='ocrx_word' id='word_1_376' title='bbox 1625 5407 1772 5464; x_wconf 84' lang='lat' dir='ltr'><strong>sunt,</strong></span> <span class='ocrx_word' id='word_1_377' title='bbox 1807 5408 1864 5455; x_wconf 86' lang='lat' dir='ltr'><strong>et</strong></span> 
     </span>
     <span class='ocr_line' id='line_1_57' title="bbox 294 5491 1864 5562; baseline 0.001 -16"><span class='ocrx_word' id='word_1_378' title='bbox 294 5492 576 5547; x_wconf 87' lang='lat' dir='ltr'><strong>considere</strong></span> <span class='ocrx_word' id='word_1_379' title='bbox 617 5506 741 5546; x_wconf 88' lang='lat' dir='ltr'><strong>cum</strong></span> <span class='ocrx_word' id='word_1_380' title='bbox 778 5494 893 5562; x_wconf 87' lang='lat' dir='ltr'><strong>ipso</strong></span> <span class='ocrx_word' id='word_1_381' title='bbox 929 5507 1094 5561; x_wconf 86' lang='lat' dir='ltr'><strong>super</strong></span> <span class='ocrx_word' id='word_1_382' title='bbox 1128 5491 1386 5547; x_wconf 88' lang='lat' dir='ltr'><strong>thronum</strong></span> <span class='ocrx_word' id='word_1_383' title='bbox 1438 5491 1620 5560; x_wconf 83' lang='lat' dir='ltr'><strong>gloriae</strong></span> <span class='ocrx_word' id='word_1_384' title='bbox 1650 5506 1864 5547; x_wconf 86' lang='lat' dir='ltr'><strong>merue-</strong></span> 
     </span>
     <span class='ocr_line' id='line_1_58' title="bbox 297 5581 1862 5654; baseline 0.001 -16"><span class='ocrx_word' id='word_1_385' title='bbox 297 5592 447 5638; x_wconf 90' lang='lat' dir='ltr'><strong>runt.</strong></span> <span class='ocrx_word' id='word_1_386' title='bbox 488 5581 720 5652; x_wconf 85' lang='lat' dir='ltr'><strong>ideoque</strong></span> <span class='ocrx_word' id='word_1_387' title='bbox 749 5598 912 5653; x_wconf 87' lang='lat' dir='ltr'><strong>super</strong></span> <span class='ocrx_word' id='word_1_388' title='bbox 967 5594 1133 5654; x_wconf 82' lang='lat' dir='ltr'><strong>caput</strong></span> <span class='ocrx_word' id='word_1_389' title='bbox 1177 5598 1300 5638; x_wconf 89' lang='lat' dir='ltr'><strong>cum</strong></span> <span class='ocrx_word' id='word_1_390' title='bbox 1347 5583 1499 5639; x_wconf 88' lang='lat' dir='ltr'><strong>disco</strong></span> <span class='ocrx_word' id='word_1_391' title='bbox 1563 5584 1704 5639; x_wconf 87' lang='lat' dir='ltr'><strong>tollit</strong></span> <span class='ocrx_word' id='word_1_392' title='bbox 1766 5599 1862 5640; x_wconf 85' lang='lat' dir='ltr'><strong>eas</strong></span> 
     </span>
     <span class='ocr_line' id='line_1_59' title="bbox 301 5671 1865 5749; baseline 0.001 -19"><span class='ocrx_word' id='word_1_393' title='bbox 301 5671 593 5748; x_wconf 68' lang='lat' dir='ltr'><strong>pontifex,</strong></span> <span class='ocrx_word' id='word_1_394' title='bbox 644 5679 784 5735; x_wconf 89' lang='lat' dir='ltr'><strong>sicut</strong></span> <span class='ocrx_word' id='word_1_395' title='bbox 819 5680 934 5747; x_wconf 85' lang='lat' dir='ltr'><strong>ipsa</strong></span> <span class='ocrx_word' id='word_1_396' title='bbox 983 5673 1169 5733; x_wconf 83' lang='lat' dir='ltr'><strong>di&#39;vina</strong></span> <span class='ocrx_word' id='word_1_397' title='bbox 1233 5678 1512 5749; x_wconf 86' lang='lat' dir='ltr'><strong>mysteria,</strong></span> <span class='ocrx_word' id='word_1_398' title='bbox 1570 5691 1771 5747; x_wconf 85' lang='lat' dir='ltr'><strong>corpus</strong></span> <span class='ocrx_word' id='word_1_399' title='bbox 1808 5686 1865 5733; x_wconf 86' lang='lat' dir='ltr'><strong>ct</strong></span> 
     </span>
     <span class='ocr_line' id='line_1_60' title="bbox 299 5761 1859 5838; baseline 0.001 -16"><span class='ocrx_word' id='word_1_400' title='bbox 299 5767 626 5838; x_wconf 72' lang='lat' dir='ltr'><strong>sarnguincui</strong></span> <span class='ocrx_word' id='word_1_401' title='bbox 687 5761 914 5831; x_wconf 75' lang='lat' dir='ltr'><strong>Christi,</strong></span> <span class='ocrx_word' id='word_1_402' title='bbox 947 5776 1240 5823; x_wconf 81' lang='lat' dir='ltr'><strong>honorans.</strong></span> <span class='ocrx_word' id='word_1_403' title='bbox 1281 5767 1494 5823; x_wconf 82' lang='lat' dir='ltr'><strong>Etenim</strong></span> <span class='ocrx_word' id='word_1_404' title='bbox 1549 5767 1594 5822; x_wconf 88' lang='lat' dir='ltr'><strong>si</strong></span> <span class='ocrx_word' id='word_1_405' title='bbox 1654 5767 1859 5824; x_wconf 85' lang='lat' dir='ltr'><strong>Paulus</strong></span> 
     </span>
    </p>
   </div>
   <div class='ocr_carea' id='block_1_15' title="bbox 1930 511 3523 2159">
    <p class='ocr_par' dir='ltr' id='par_1_15' title="bbox 1930 511 3523 2159">
     <span class='ocr_line' id='line_1_61' title="bbox 1933 511 3519 587; baseline -0.008 -12"><span class='ocrx_word' id='word_1_406' title='bbox 1933 520 2029 575; x_wconf 89' lang='grc' dir='ltr'><strong>τοῦ</strong></span> <span class='ocrx_word' id='word_1_407' title='bbox 2085 520 2222 573; x_wconf 82' lang='grc' dir='ltr'><strong>Θεοῦ</strong></span> <span class='ocrx_word' id='word_1_408' title='bbox 2274 516 2599 587; x_wconf 70' lang='grc' dir='ltr'><strong>ἐπουράνιον</strong></span> <span class='ocrx_word' id='word_1_409' title='bbox 2639 514 3053 583; x_wconf 80' lang='grc' dir='ltr'><strong>θυσιαστήριον.</strong></span> <span class='ocrx_word' id='word_1_410' title='bbox 3097 514 3211 567; x_wconf 72' lang='grc' dir='ltr'><strong>Καὶ</strong></span> <span class='ocrx_word' id='word_1_411' title='bbox 3255 511 3519 578; x_wconf 79' lang='grc' dir='ltr'><strong>ἐκφὼνως</strong></span> 
     </span>
     <span class='ocr_line' id='line_1_62' title="bbox 1931 601 3519 680; baseline -0.008 -14"><span class='ocrx_word' id='word_1_412' title='bbox 1931 611 2025 666; x_wconf 71' lang='grc' dir='ltr'><strong>τὸν</strong></span> <span class='ocrx_word' id='word_1_413' title='bbox 2057 611 2191 665; x_wconf 81' lang='grc' dir='ltr'><strong>Θεδν</strong></span> <span class='ocrx_word' id='word_1_414' title='bbox 2234 610 2576 680; x_wconf 78' lang='grc' dir='ltr'><strong>ὰνυμνήσας,</strong></span> <span class='ocrx_word' id='word_1_415' title='bbox 2607 606 2834 677; x_wconf 76' lang='grc' dir='ltr'><strong>εἰρήνην</strong></span> <span class='ocrx_word' id='word_1_416' title='bbox 2891 605 3067 661; x_wconf 64' lang='lat' dir='ltr'><strong>&amp;eruet</strong></span> <span class='ocrx_word' id='word_1_417' title='bbox 3097 603 3251 672; x_wconf 80' lang='grc' dir='ltr'><strong>λέγει</strong></span> <span class='ocrx_word' id='word_1_418' title='bbox 3276 602 3384 656; x_wconf 73' lang='grc' dir='ltr'><strong>ἀπὸ</strong></span> <span class='ocrx_word' id='word_1_419' title='bbox 3414 601 3519 669; x_wconf 88' lang='grc' dir='ltr'><strong>τῆς</strong></span> 
     </span>
     <span class='ocr_line' id='line_1_63' title="bbox 1930 696 3520 773; baseline -0.004 -16"><span class='ocrx_word' id='word_1_420' title='bbox 1930 704 2027 759; x_wconf 88' lang='grc' dir='ltr'><strong>τοῦ</strong></span> <span class='ocrx_word' id='word_1_421' title='bbox 2054 703 2193 758; x_wconf 88' lang='grc' dir='ltr'><strong>Θεοῦ</strong></span> <span class='ocrx_word' id='word_1_422' title='bbox 2222 704 2465 773; x_wconf 82' lang='grc' dir='ltr'><strong>χάριτος.</strong></span> <span class='ocrx_word' id='word_1_423' title='bbox 2500 701 2610 756; x_wconf 76' lang='grc' dir='ltr'><strong>Καὶ</strong></span> <span class='ocrx_word' id='word_1_424' title='bbox 2643 699 2942 772; x_wconf 86' lang='grc' dir='ltr'><strong>κλινάντων</strong></span> <span class='ocrx_word' id='word_1_425' title='bbox 2969 698 3186 751; x_wconf 80' lang='grc' dir='ltr'><strong>πάντων</strong></span> <span class='ocrx_word' id='word_1_426' title='bbox 3215 696 3316 759; x_wconf 78' lang='grc' dir='ltr'><strong>τὰς</strong></span> <span class='ocrx_word' id='word_1_427' title='bbox 3343 714 3520 765; x_wconf 83' lang='grc' dir='ltr'><strong>κεφα-</strong></span> 
     </span>
     <span class='ocr_line' id='line_1_64' title="bbox 1930 789 3517 867; baseline -0.009 -15"><span class='ocrx_word' id='word_1_428' title='bbox 1930 798 2051 864; x_wconf 79' lang='grc' dir='ltr'><strong>λὰς,</strong></span> <span class='ocrx_word' id='word_1_429' title='bbox 2088 796 2252 867; x_wconf 82' lang='grc' dir='ltr'><strong>εὐχὴν</strong></span> <span class='ocrx_word' id='word_1_430' title='bbox 2299 797 2496 864; x_wconf 75' lang='grc' dir='ltr'><strong>ἑτέραν</strong></span> <span class='ocrx_word' id='word_1_431' title='bbox 2532 792 2631 864; x_wconf 78' lang='grc' dir='ltr'><strong>τὴν</strong></span> <span class='ocrx_word' id='word_1_432' title='bbox 2663 793 2759 847; x_wconf 74' lang='grc' dir='ltr'><strong>καὶ</strong></span> <span class='ocrx_word' id='word_1_433' title='bbox 2805 789 3126 846; x_wconf 75' lang='grc' dir='ltr'><strong>τελευταίαν</strong></span> <span class='ocrx_word' id='word_1_434' title='bbox 3173 790 3267 842; x_wconf 64' lang='grc' dir='ltr'><strong>ἐπὶ</strong></span> <span class='ocrx_word' id='word_1_435' title='bbox 3313 790 3379 857; x_wconf 76' lang='grc' dir='ltr'><strong>τῇ</strong></span> <span class='ocrx_word' id='word_1_436' title='bbox 3413 805 3517 839; x_wconf 79' lang='grc' dir='ltr'><strong>κα·</strong></span> 
     </span>
     <span class='ocr_line' id='line_1_65' title="bbox 1934 881 3520 959; baseline -0.007 -15"><span class='ocrx_word' id='word_1_437' title='bbox 1934 888 2186 959; x_wconf 81' lang='grc' dir='ltr'><strong>θιερὼσει</strong></span> <span class='ocrx_word' id='word_1_438' title='bbox 2218 887 2384 956; x_wconf 76' lang='grc' dir='ltr'><strong>φησίν</strong></span> <span class='ocrx_word' id='word_1_439' title='bbox 2407 904 2422 919; x_wconf 91' lang='grc'><em>·</em></span> <span class='ocrx_word' id='word_1_440' title='bbox 2458 905 2477 938; x_wconf 93' lang='grc' dir='ltr'><strong>ι</strong></span> <span class='ocrx_word' id='word_1_441' title='bbox 2509 883 2957 954; x_wconf 80' lang='grc' dir='ltr'><strong>Εὐχαριστοῦμέν</strong></span> <span class='ocrx_word' id='word_1_442' title='bbox 3003 900 3109 943; x_wconf 90' lang='grc' dir='ltr'><strong>σοι,</strong></span> <span class='ocrx_word' id='word_1_443' title='bbox 3140 881 3338 949; x_wconf 80' lang='grc' dir='ltr'><strong>Κύριε,</strong></span> <span class='ocrx_word' id='word_1_444' title='bbox 3365 898 3387 931; x_wconf 69' lang='lat' dir='ltr'><strong>r</strong></span> <span class='ocrx_word' id='word_1_445' title='bbox 3424 882 3520 933; x_wconf 74' lang='grc' dir='ltr'><strong>καὶ</strong></span> 
     </span>
     <span class='ocr_line' id='line_1_66' title="bbox 1931 971 3517 1048; baseline -0.006 -13"><span class='ocrx_word' id='word_1_446' title='bbox 1931 980 2002 1037; x_wconf 79' lang='grc' dir='ltr'><strong>τὰ</strong></span> <span class='ocrx_word' id='word_1_447' title='bbox 2027 980 2193 1034; x_wconf 83' lang='grc' dir='ltr'><strong>λοιπὰ</strong></span> <span class='ocrx_word' id='word_1_448' title='bbox 2223 980 2400 1048; x_wconf 88' lang='grc' dir='ltr'><strong>λέγων</strong></span> <span class='ocrx_word' id='word_1_449' title='bbox 2431 980 2490 1031; x_wconf 82' lang='grc' dir='ltr'><strong>έν</strong></span> <span class='ocrx_word' id='word_1_450' title='bbox 2512 976 2867 1041; x_wconf 79' lang='grc' dir='ltr'><strong>ταπεινώσει,</strong></span> <span class='ocrx_word' id='word_1_451' title='bbox 2904 994 2924 1028; x_wconf 87' lang='grc' dir='ltr'><strong>ι</strong></span> <span class='ocrx_word' id='word_1_452' title='bbox 2956 975 3039 1028; x_wconf 87' lang='grc' dir='ltr'><strong>ὅτι</strong></span> <span class='ocrx_word' id='word_1_453' title='bbox 3069 974 3138 1045; x_wconf 74' lang='grc' dir='ltr'><strong>ῆν</strong></span> <span class='ocrx_word' id='word_1_454' title='bbox 3170 973 3393 1042; x_wconf 78' lang='grc' dir='ltr'><strong>ἐξέχεας</strong></span> <span class='ocrx_word' id='word_1_455' title='bbox 3413 971 3517 1043; x_wconf 84' lang='grc' dir='ltr'><strong>χά·</strong></span> 
     </span>
     <span class='ocr_line' id='line_1_67' title="bbox 1937 1068 3519 1145; baseline -0.006 -17"><span class='ocrx_word' id='word_1_456' title='bbox 1937 1090 2022 1145; x_wconf 91' lang='grc' dir='ltr'><strong>ριν</strong></span> <span class='ocrx_word' id='word_1_457' title='bbox 2047 1072 2141 1126; x_wconf 72' lang='grc' dir='ltr'><strong>ἐπὶ</strong></span> <span class='ocrx_word' id='word_1_458' title='bbox 2165 1073 2279 1136; x_wconf 73' lang='grc' dir='ltr'><strong>τοῖς</strong></span> <span class='ocrx_word' id='word_1_459' title='bbox 2309 1071 2653 1135; x_wconf 74' lang='grc' dir='ltr'><strong>ἀποστόλοις,</strong></span> <span class='ocrx_word' id='word_1_460' title='bbox 2686 1071 2783 1124; x_wconf 73' lang='grc' dir='ltr'><strong>καὶ</strong></span> <span class='ocrx_word' id='word_1_461' title='bbox 2822 1070 2911 1138; x_wconf 76' lang='grc' dir='ltr'><strong>ἐφ’</strong></span> <span class='ocrx_word' id='word_1_462' title='bbox 2949 1070 3083 1139; x_wconf 74' lang='grc' dir='ltr'><strong>ἡμῖν</strong></span> <span class='ocrx_word' id='word_1_463' title='bbox 3111 1069 3225 1131; x_wconf 77' lang='grc' dir='ltr'><strong>τοῖς</strong></span> <span class='ocrx_word' id='word_1_464' title='bbox 3257 1068 3519 1137; x_wconf 82' lang='grc' dir='ltr'><strong>ἁμαρτω-</strong></span> 
     </span>
     <span class='ocr_line' id='line_1_68' title="bbox 1932 1159 3518 1234; baseline -0.007 -14"><span class='ocrx_word' id='word_1_465' title='bbox 1932 1166 2045 1229; x_wconf 75' lang='grc' dir='ltr'><strong>λοῖς</strong></span> <span class='ocrx_word' id='word_1_466' title='bbox 2088 1164 2333 1234; x_wconf 77' lang='grc' dir='ltr'><strong>ἐξέχεας.</strong></span> <span class='ocrx_word' id='word_1_467' title='bbox 2388 1165 2479 1219; x_wconf 84' lang='grc' dir='ltr'><strong>Διδ</strong></span> <span class='ocrx_word' id='word_1_468' title='bbox 2509 1164 2745 1234; x_wconf 80' lang='grc' dir='ltr'><strong>δεόμεθά</strong></span> <span class='ocrx_word' id='word_1_469' title='bbox 2791 1181 2909 1228; x_wconf 86' lang='grc' dir='ltr'><strong>σου,</strong></span> <span class='ocrx_word' id='word_1_470' title='bbox 2944 1162 3240 1233; x_wconf 80' lang='grc' dir='ltr'><strong>πλήρωσον</strong></span> <span class='ocrx_word' id='word_1_471' title='bbox 3291 1159 3518 1228; x_wconf 81' lang='grc' dir='ltr'><strong>χάριτος</strong></span> 
     </span>
     <span class='ocr_line' id='line_1_69' title="bbox 1932 1251 3517 1326; baseline -0.004 -16"><span class='ocrx_word' id='word_1_472' title='bbox 1932 1256 1996 1310; x_wconf 67' lang='grc' dir='ltr'><strong>τὸ</strong></span> <span class='ocrx_word' id='word_1_473' title='bbox 2024 1255 2412 1326; x_wconf 81' lang='grc' dir='ltr'><strong>θυσιαστήριόν</strong></span> <span class='ocrx_word' id='word_1_474' title='bbox 2443 1273 2538 1311; x_wconf 92' lang='grc' dir='ltr'><strong>σου</strong></span> <span class='ocrx_word' id='word_1_475' title='bbox 2568 1256 2748 1318; x_wconf 80' lang='grc' dir='ltr'><strong>τοῦτο.</strong></span> <span class='ocrx_word' id='word_1_476' title='bbox 2786 1256 2929 1311; x_wconf 80' lang='grc' dir='ltr'><strong>ὥστε</strong></span> <span class='ocrx_word' id='word_1_477' title='bbox 2956 1256 3055 1317; x_wconf 73' lang='grc' dir='ltr'><strong>τὰς</strong></span> <span class='ocrx_word' id='word_1_478' title='bbox 3080 1256 3137 1307; x_wconf 77' lang='grc' dir='ltr'><strong>ἐν</strong></span> <span class='ocrx_word' id='word_1_479' title='bbox 3160 1251 3314 1321; x_wconf 72' lang='grc' dir='ltr'><strong>αὐτῷ</strong></span> <span class='ocrx_word' id='word_1_480' title='bbox 3339 1266 3517 1318; x_wconf 88' lang='grc' dir='ltr'><strong>προσ-</strong></span> 
     </span>
     <span class='ocr_line' id='line_1_70' title="bbox 1934 1346 3519 1419; baseline -0.004 -19"><span class='ocrx_word' id='word_1_481' title='bbox 1934 1347 2248 1418; x_wconf 79' lang='grc' dir='ltr'><strong>φερομένας</strong></span> <span class='ocrx_word' id='word_1_482' title='bbox 2298 1349 2496 1412; x_wconf 93' lang='grc' dir='ltr'><strong>θυσίας</strong></span> <span class='ocrx_word' id='word_1_483' title='bbox 2549 1348 2965 1419; x_wconf 78' lang='grc' dir='ltr'><strong>μεταποιεῖσθαι</strong></span> <span class='ocrx_word' id='word_1_484' title='bbox 2999 1348 3081 1411; x_wconf 84' lang='grc' dir='ltr'><strong>είς</strong></span> <span class='ocrx_word' id='word_1_485' title='bbox 3132 1347 3194 1399; x_wconf 81' lang='grc' dir='ltr'><strong>τὸ</strong></span> <span class='ocrx_word' id='word_1_486' title='bbox 3247 1346 3519 1409; x_wconf 82' lang='grc' dir='ltr'><strong>πανάγιον</strong></span> 
     </span>
     <span class='ocr_line' id='line_1_71' title="bbox 1935 1436 3517 1513; baseline 0.003 -19"><span class='ocrx_word' id='word_1_487' title='bbox 1935 1439 2097 1511; x_wconf 83' lang='grc' dir='ltr'><strong>σῶμα</strong></span> <span class='ocrx_word' id='word_1_488' title='bbox 2138 1440 2233 1495; x_wconf 71' lang='grc' dir='ltr'><strong>καὶ</strong></span> <span class='ocrx_word' id='word_1_489' title='bbox 2270 1436 2411 1513; x_wconf 80' lang='grc' dir='ltr'><strong>αἷμα</strong></span> <span class='ocrx_word' id='word_1_490' title='bbox 2438 1442 2535 1495; x_wconf 90' lang='grc' dir='ltr'><strong>τοῦ</strong></span> <span class='ocrx_word' id='word_1_491' title='bbox 2569 1442 2894 1511; x_wconf 80' lang='grc' dir='ltr'><strong>μονογενοῦς</strong></span> <span class='ocrx_word' id='word_1_492' title='bbox 2927 1458 3023 1495; x_wconf 91' lang='grc' dir='ltr'><strong>σου</strong></span> <span class='ocrx_word' id='word_1_493' title='bbox 3056 1438 3210 1504; x_wconf 83' lang='grc' dir='ltr'><strong>Υίοῦ,</strong></span> <span class='ocrx_word' id='word_1_494' title='bbox 3250 1437 3387 1505; x_wconf 66' lang='grc' dir='ltr'><strong>πρὸς</strong></span> <span class='ocrx_word' id='word_1_495' title='bbox 3414 1453 3517 1489; x_wconf 76' lang='grc' dir='ltr'><strong>σω·</strong></span> 
     </span>
     <span class='ocr_line' id='line_1_72' title="bbox 1932 1529 3520 1607; baseline -0.004 -20"><span class='ocrx_word' id='word_1_496' title='bbox 1932 1533 2132 1607; x_wconf 90' lang='grc' dir='ltr'><strong>τηρίαν</strong></span> <span class='ocrx_word' id='word_1_497' title='bbox 2162 1532 2258 1589; x_wconf 91' lang='grc' dir='ltr'><strong>τοῦ</strong></span> <span class='ocrx_word' id='word_1_498' title='bbox 2294 1534 2504 1605; x_wconf 81' lang='grc' dir='ltr'><strong>κόσμου</strong></span> <span class='ocrx_word' id='word_1_499' title='bbox 2541 1533 2765 1600; x_wconf 78' lang='grc' dir='ltr'><strong>παντὸς,</strong></span> <span class='ocrx_word' id='word_1_500' title='bbox 2792 1535 2889 1587; x_wconf 77' lang='grc' dir='ltr'><strong>καὶ</strong></span> <span class='ocrx_word' id='word_1_501' title='bbox 2916 1533 3013 1603; x_wconf 88' lang='grc' dir='ltr'><strong>τῆς</strong></span> <span class='ocrx_word' id='word_1_502' title='bbox 3040 1532 3200 1604; x_wconf 84' lang='grc' dir='ltr'><strong>ήμῶν</strong></span> <span class='ocrx_word' id='word_1_503' title='bbox 3231 1529 3520 1597; x_wconf 81' lang='grc' dir='ltr'><strong>ἀναξιότη-</strong></span> 
     </span>
     <span class='ocr_line' id='line_1_73' title="bbox 1932 1619 3519 1696; baseline -0.004 -15"><span class='ocrx_word' id='word_1_504' title='bbox 1932 1619 2044 1691; x_wconf 79' lang='grc' dir='ltr'><strong>τος,</strong></span> <span class='ocrx_word' id='word_1_505' title='bbox 2078 1644 2098 1679; x_wconf 71' lang='grc' dir='ltr'><strong>ι</strong></span> <span class='ocrx_word' id='word_1_506' title='bbox 2128 1626 2225 1680; x_wconf 71' lang='grc' dir='ltr'><strong>καὶ</strong></span> <span class='ocrx_word' id='word_1_507' title='bbox 2250 1626 2578 1694; x_wconf 82' lang='grc' dir='ltr'><strong>ὲκφωνήσας</strong></span> <span class='ocrx_word' id='word_1_508' title='bbox 2597 1625 2933 1696; x_wconf 71' lang='grc' dir='ltr'><strong>εὐχαριστεῖ.</strong></span> <span class='ocrx_word' id='word_1_509' title='bbox 2961 1624 3200 1693; x_wconf 83' lang='grc' dir='ltr'><strong>Λυχνίαν</strong></span> <span class='ocrx_word' id='word_1_510' title='bbox 3220 1640 3277 1675; x_wconf 88' lang='grc' dir='ltr'><strong>τε</strong></span> <span class='ocrx_word' id='word_1_511' title='bbox 3301 1620 3519 1689; x_wconf 76' lang='grc' dir='ltr'><strong>άνὰψας</strong></span> 
     </span>
     <span class='ocr_line' id='line_1_74' title="bbox 1934 1712 3520 1790; baseline -0.004 -17"><span class='ocrx_word' id='word_1_512' title='bbox 1934 1718 2057 1783; x_wconf 77' lang='grc' dir='ltr'><strong>ταῖς</strong></span> <span class='ocrx_word' id='word_1_513' title='bbox 2088 1718 2247 1790; x_wconf 76' lang='grc' dir='ltr'><strong>χερσὶ</strong></span> <span class='ocrx_word' id='word_1_514' title='bbox 2296 1717 2367 1773; x_wconf 79' lang='grc' dir='ltr'><strong>δι’</strong></span> <span class='ocrx_word' id='word_1_515' title='bbox 2402 1718 2610 1784; x_wconf 78' lang='grc' dir='ltr'><strong>ἐλαίου,</strong></span> <span class='ocrx_word' id='word_1_516' title='bbox 2641 1717 2747 1787; x_wconf 89' lang='grc' dir='ltr'><strong>τῆς</strong></span> <span class='ocrx_word' id='word_1_517' title='bbox 2792 1718 2946 1788; x_wconf 74' lang='grc' dir='ltr'><strong>ἱερᾶς</strong></span> <span class='ocrx_word' id='word_1_518' title='bbox 2995 1716 3202 1769; x_wconf 76' lang='grc' dir='ltr'><strong>ἄνωθεν</strong></span> <span class='ocrx_word' id='word_1_519' title='bbox 3230 1712 3520 1784; x_wconf 75' lang='grc' dir='ltr'><strong>τραπέζης</strong></span> 
     </span>
     <span class='ocr_line' id='line_1_75' title="bbox 1937 1802 3519 1881; baseline -0.004 -18"><span class='ocrx_word' id='word_1_520' title='bbox 1937 1812 2015 1873; x_wconf 90' lang='grc' dir='ltr'><strong>είς</strong></span> <span class='ocrx_word' id='word_1_521' title='bbox 2045 1813 2214 1881; x_wconf 82' lang='grc' dir='ltr'><strong>τιμὴν</strong></span> <span class='ocrx_word' id='word_1_522' title='bbox 2241 1808 2675 1881; x_wconf 66' lang='grc' dir='ltr'><strong>αὖτῆςτίθησιν,</strong></span> <span class='ocrx_word' id='word_1_523' title='bbox 2706 1809 2834 1864; x_wconf 72' lang='grc' dir='ltr'><strong>ἐπεὶ</strong></span> <span class='ocrx_word' id='word_1_524' title='bbox 2858 1808 3249 1877; x_wconf 77' lang='grc' dir='ltr'><strong>θυσιαστήριον</strong></span> <span class='ocrx_word' id='word_1_525' title='bbox 3275 1802 3519 1875; x_wconf 84' lang='grc' dir='ltr'><strong>Χριστοῦ</strong></span> 
     </span>
     <span class='ocr_line' id='line_1_76' title="bbox 1933 1898 3520 1974; baseline -0.004 -16"><span class='ocrx_word' id='word_1_526' title='bbox 1933 1904 2149 1974; x_wconf 81' lang='grc' dir='ltr'><strong>γέγονε,</strong></span> <span class='ocrx_word' id='word_1_527' title='bbox 2183 1902 2278 1957; x_wconf 71' lang='grc' dir='ltr'><strong>καὶ</strong></span> <span class='ocrx_word' id='word_1_528' title='bbox 2304 1904 2390 1957; x_wconf 80' lang='grc' dir='ltr'><strong>ὅτι</strong></span> <span class='ocrx_word' id='word_1_529' title='bbox 2434 1903 2534 1973; x_wconf 79' lang='grc' dir='ltr'><strong>τὴν</strong></span> <span class='ocrx_word' id='word_1_530' title='bbox 2577 1902 2913 1973; x_wconf 71' lang='grc' dir='ltr'><strong>’Ἐκκλησίαν</strong></span> <span class='ocrx_word' id='word_1_531' title='bbox 2963 1900 3217 1965; x_wconf 75' lang='grc' dir='ltr'><strong>είκονίζει</strong></span> <span class='ocrx_word' id='word_1_532' title='bbox 3250 1898 3520 1970; x_wconf 80' lang='grc' dir='ltr'><strong>Χριστοῦ,</strong></span> 
     </span>
     <span class='ocr_line' id='line_1_77' title="bbox 1935 1992 3523 2067; baseline -0.004 -17"><span class='ocrx_word' id='word_1_533' title='bbox 1935 1995 2014 2060; x_wconf 81' lang='grc' dir='ltr'><strong>ὡς</strong></span> <span class='ocrx_word' id='word_1_534' title='bbox 2061 1995 2389 2066; x_wconf 73' lang='grc' dir='ltr'><strong>εἰρήκαμεν,</strong></span> <span class='ocrx_word' id='word_1_535' title='bbox 2422 1994 2501 2067; x_wconf 82' lang='grc' dir='ltr'><strong>τῷ</strong></span> <span class='ocrx_word' id='word_1_536' title='bbox 2554 1995 2699 2066; x_wconf 76' lang='grc' dir='ltr'><strong>φωτὶ</strong></span> <span class='ocrx_word' id='word_1_537' title='bbox 2731 1995 2832 2066; x_wconf 88' lang='grc' dir='ltr'><strong>τῆς</strong></span> <span class='ocrx_word' id='word_1_538' title='bbox 2889 1994 3117 2065; x_wconf 85' lang='grc' dir='ltr'><strong>χάριτος</strong></span> <span class='ocrx_word' id='word_1_539' title='bbox 3163 1992 3523 2063; x_wconf 80' lang='grc' dir='ltr'><strong>λάμπουσαν,</strong></span> 
     </span>
     <span class='ocr_line' id='line_1_78' title="bbox 1937 2086 3194 2159; baseline -0.002 -14"><span class='ocrx_word' id='word_1_540' title='bbox 1937 2090 2030 2145; x_wconf 75' lang='grc' dir='ltr'><strong>καὶ</strong></span> <span class='ocrx_word' id='word_1_541' title='bbox 2061 2086 2222 2143; x_wconf 82' lang='grc' dir='ltr'><strong>τοῦτο</strong></span> <span class='ocrx_word' id='word_1_542' title='bbox 2248 2087 2310 2143; x_wconf 76' lang='grc' dir='ltr'><strong>τὸ</strong></span> <span class='ocrx_word' id='word_1_543' title='bbox 2341 2088 2459 2158; x_wconf 84' lang='grc' dir='ltr'><strong>φῶς</strong></span> <span class='ocrx_word' id='word_1_544' title='bbox 2484 2089 2830 2159; x_wconf 86' lang='grc' dir='ltr'><strong>χορηγοῦσαν</strong></span> <span class='ocrx_word' id='word_1_545' title='bbox 2869 2087 2951 2158; x_wconf 81' lang='grc' dir='ltr'><strong>τῷ</strong></span> <span class='ocrx_word' id='word_1_546' title='bbox 2982 2087 3194 2159; x_wconf 80' lang='grc' dir='ltr'><strong>κόσμῳ.</strong></span> 
     </span>
    </p>
   </div>
   <div class='ocr_carea' id='block_1_16' title="bbox 2504 2202 2954 2260">
    <p class='ocr_par' dir='ltr' id='par_1_16' title="bbox 2504 2202 2954 2260">
     <span class='ocr_line' id='line_1_79' title="bbox 2504 2202 2954 2260; baseline -0.007 0"><span class='ocrx_word' id='word_1_547' title='bbox 2504 2204 2760 2260; x_wconf 77' lang='grc' dir='ltr'><strong>ΚΕΦΑΛ.</strong></span> <span class='ocrx_word' id='word_1_548' title='bbox 2811 2202 2954 2259; x_wconf 80' lang='grc' dir='ltr'><strong>Ρ1Ε’.</strong></span> 
     </span>
    </p>
   </div>
   <div class='ocr_carea' id='block_1_17' title="bbox 1939 2292 3527 2436">
    <p class='ocr_par' dir='ltr' id='par_1_17' title="bbox 1939 2292 3527 2436">
     <span class='ocr_line' id='line_1_80' title="bbox 1939 2292 3527 2366; baseline -0.004 -13"><span class='ocrx_word' id='word_1_549' title='bbox 1939 2298 2071 2353; x_wconf 76' lang='grc' dir='ltr'><strong>Ὀτι</strong></span> <span class='ocrx_word' id='word_1_550' title='bbox 2097 2297 2250 2366; x_wconf 80' lang='grc' dir='ltr'><strong>μετὰ</strong></span> <span class='ocrx_word' id='word_1_551' title='bbox 2273 2297 2391 2363; x_wconf 75' lang='grc' dir='ltr'><strong>τὴν</strong></span> <span class='ocrx_word' id='word_1_552' title='bbox 2415 2297 2773 2364; x_wconf 76' lang='grc' dir='ltr'><strong>καθιέρωσιν</strong></span> <span class='ocrx_word' id='word_1_553' title='bbox 2798 2295 3082 2350; x_wconf 53' lang='lat' dir='ltr'><strong>&amp;nostwet</strong></span> <span class='ocrx_word' id='word_1_554' title='bbox 3122 2292 3238 2361; x_wconf 77' lang='grc' dir='ltr'><strong>τὴν</strong></span> <span class='ocrx_word' id='word_1_555' title='bbox 3262 2292 3527 2348; x_wconf 72' lang='grc' dir='ltr'><strong>σινδόνα</strong></span> 
     </span>
     <span class='ocr_line' id='line_1_81' title="bbox 2009 2365 3446 2436; baseline -0.003 -14"><span class='ocrx_word' id='word_1_556' title='bbox 2009 2371 2044 2422; x_wconf 87' lang='grc' dir='ltr'><em>ό</em></span> <span class='ocrx_word' id='word_1_557' title='bbox 2076 2368 2415 2436; x_wconf 76' lang='grc' dir='ltr'><strong>ἀρχιερεὺς,</strong></span> <span class='ocrx_word' id='word_1_558' title='bbox 2451 2367 2552 2422; x_wconf 79' lang='grc' dir='ltr'><strong>καί</strong></span> <span class='ocrx_word' id='word_1_559' title='bbox 2601 2367 2673 2422; x_wconf 83' lang='grc' dir='ltr'><strong>τὰ</strong></span> <span class='ocrx_word' id='word_1_560' title='bbox 2704 2365 2973 2436; x_wconf 68' lang='grc' dir='ltr'><strong>λείψανα</strong></span> <span class='ocrx_word' id='word_1_561' title='bbox 3024 2365 3446 2431; x_wconf 75' lang='grc' dir='ltr'><strong>κατατίθησιν.</strong></span> 
     </span>
    </p>
   </div>
   <div class='ocr_carea' id='block_1_18' title="bbox 1937 2455 3528 2992">
    <p class='ocr_par' dir='ltr' id='par_1_18' title="bbox 1937 2455 3528 2992">
     <span class='ocr_line' id='line_1_82' title="bbox 2009 2455 3526 2532; baseline -0.005 -17"><span class='ocrx_word' id='word_1_562' title='bbox 2009 2461 2183 2532; x_wconf 72' lang='grc' dir='ltr'><strong>Εἴπερ</strong></span> <span class='ocrx_word' id='word_1_563' title='bbox 2210 2456 2305 2516; x_wconf 83' lang='grc' dir='ltr'><strong>οῦν</strong></span> <span class='ocrx_word' id='word_1_564' title='bbox 2338 2460 2615 2523; x_wconf 80' lang='grc' dir='ltr'><strong>ἀδυνάτως</strong></span> <span class='ocrx_word' id='word_1_565' title='bbox 2648 2460 2759 2532; x_wconf 72' lang='grc' dir='ltr'><strong>ἔχει</strong></span> <span class='ocrx_word' id='word_1_566' title='bbox 2790 2458 3082 2514; x_wconf 76' lang='grc' dir='ltr'><strong>τελειῶσαι</strong></span> <span class='ocrx_word' id='word_1_567' title='bbox 3106 2459 3178 2513; x_wconf 70' lang='grc' dir='ltr'><strong>τὰ</strong></span> <span class='ocrx_word' id='word_1_568' title='bbox 3199 2456 3305 2527; x_wconf 88' lang='grc' dir='ltr'><strong>τῆς</strong></span> <span class='ocrx_word' id='word_1_569' title='bbox 3335 2455 3526 2511; x_wconf 72' lang='grc' dir='ltr'><strong>καθιε·</strong></span> 
     </span>
     <span class='ocr_line' id='line_1_83' title="bbox 1939 2551 3527 2626; baseline -0.004 -19"><span class='ocrx_word' id='word_1_570' title='bbox 1939 2553 2186 2626; x_wconf 86' lang='grc' dir='ltr'><strong>ρώσεως,</strong></span> <span class='ocrx_word' id='word_1_571' title='bbox 2230 2554 2644 2623; x_wconf 73' lang='grc' dir='ltr'><strong>ἀποδυσάμενος</strong></span> <span class='ocrx_word' id='word_1_572' title='bbox 2694 2552 2765 2606; x_wconf 76' lang='grc' dir='ltr'><strong>τὰ</strong></span> <span class='ocrx_word' id='word_1_573' title='bbox 2810 2551 2915 2620; x_wconf 90' lang='grc' dir='ltr'><strong>τῆς</strong></span> <span class='ocrx_word' id='word_1_574' title='bbox 2960 2552 3115 2623; x_wconf 74' lang='grc' dir='ltr'><strong>ἱερᾶς</strong></span> <span class='ocrx_word' id='word_1_575' title='bbox 3165 2551 3386 2618; x_wconf 78' lang='grc' dir='ltr'><strong>στολῆς,</strong></span> <span class='ocrx_word' id='word_1_576' title='bbox 3422 2565 3527 2601; x_wconf 79' lang='grc' dir='ltr'><strong>πο-</strong></span> 
     </span>
     <span class='ocr_line' id='line_1_84' title="bbox 1940 2640 3526 2721; baseline -0.003 -19"><span class='ocrx_word' id='word_1_577' title='bbox 1940 2648 2182 2721; x_wconf 82' lang='grc' dir='ltr'><strong>ρεῦεται,</strong></span> <span class='ocrx_word' id='word_1_578' title='bbox 2242 2650 2339 2701; x_wconf 71' lang='grc' dir='ltr'><strong>καὶ</strong></span> <span class='ocrx_word' id='word_1_579' title='bbox 2387 2645 2449 2700; x_wconf 72' lang='grc' dir='ltr'><strong>τὸ</strong></span> <span class='ocrx_word' id='word_1_580' title='bbox 2497 2646 2661 2718; x_wconf 73' lang='grc' dir='ltr'><strong>ἔργον</strong></span> <span class='ocrx_word' id='word_1_581' title='bbox 2690 2648 2760 2717; x_wconf 76' lang='grc' dir='ltr'><strong>τῇ</strong></span> <span class='ocrx_word' id='word_1_582' title='bbox 2813 2645 3078 2716; x_wconf 80' lang='grc' dir='ltr'><strong>ἐπαύριον</strong></span> <span class='ocrx_word' id='word_1_583' title='bbox 3109 2644 3348 2699; x_wconf 82' lang='grc' dir='ltr'><strong>τελειοῖ·</strong></span> <span class='ocrx_word' id='word_1_584' title='bbox 3380 2645 3429 2698; x_wconf 80' lang='grc' dir='ltr'><strong>εἰ</strong></span> <span class='ocrx_word' id='word_1_585' title='bbox 3477 2640 3526 2698; x_wconf 76' lang='grc' dir='ltr'><strong>δ’</strong></span> 
     </span>
     <span class='ocr_line' id='line_1_85' title="bbox 1937 2733 3527 2808; baseline -0.004 -15"><span class='ocrx_word' id='word_1_586' title='bbox 1937 2733 2054 2805; x_wconf 83' lang='grc' dir='ltr'><strong>οῦν,</strong></span> <span class='ocrx_word' id='word_1_587' title='bbox 2080 2739 2182 2808; x_wconf 78' lang='grc' dir='ltr'><strong>τὴν</strong></span> <span class='ocrx_word' id='word_1_588' title='bbox 2236 2736 2453 2791; x_wconf 72' lang='grc' dir='ltr'><strong>σινδόνα</strong></span> <span class='ocrx_word' id='word_1_589' title='bbox 2508 2738 2679 2808; x_wconf 79' lang='grc' dir='ltr'><strong>μόνην</strong></span> <span class='ocrx_word' id='word_1_590' title='bbox 2728 2734 3003 2801; x_wconf 76' lang='grc' dir='ltr'><strong>ὲκὸαλὼν,</strong></span> <span class='ocrx_word' id='word_1_591' title='bbox 3045 2734 3170 2789; x_wconf 69' lang='grc' dir='ltr'><strong>ἐπεὶ</strong></span> <span class='ocrx_word' id='word_1_592' title='bbox 3212 2733 3276 2789; x_wconf 76' lang='grc' dir='ltr'><strong>τὸ</strong></span> <span class='ocrx_word' id='word_1_593' title='bbox 3331 2736 3527 2806; x_wconf 78' lang='grc' dir='ltr'><strong>μνῆμα</strong></span> 
     </span>
     <span class='ocr_line' id='line_1_86' title="bbox 1939 2827 3527 2902; baseline -0.003 -18"><span class='ocrx_word' id='word_1_594' title='bbox 1939 2827 2181 2901; x_wconf 80' lang='grc' dir='ltr'><strong>Χριστοῦ</strong></span> <span class='ocrx_word' id='word_1_595' title='bbox 2209 2828 2552 2894; x_wconf 83' lang='grc' dir='ltr'><strong>τετελείωκε,</strong></span> <span class='ocrx_word' id='word_1_596' title='bbox 2587 2830 2729 2896; x_wconf 73' lang='grc' dir='ltr'><strong>μετὰ</strong></span> <span class='ocrx_word' id='word_1_597' title='bbox 2768 2830 2938 2902; x_wconf 82' lang='grc' dir='ltr'><strong>μόνης</strong></span> <span class='ocrx_word' id='word_1_598' title='bbox 2985 2828 3086 2901; x_wconf 87' lang='grc' dir='ltr'><strong>τῆς</strong></span> <span class='ocrx_word' id='word_1_599' title='bbox 3120 2828 3527 2899; x_wconf 79' lang='grc' dir='ltr'><strong>ἀρχιερατικῆς</strong></span> 
     </span>
     <span class='ocr_line' id='line_1_87' title="bbox 1944 2919 3528 2992; baseline -0.003 -16"><span class='ocrx_word' id='word_1_600' title='bbox 1944 2920 2139 2989; x_wconf 84' lang='grc' dir='ltr'><strong>στολῆς</strong></span> <span class='ocrx_word' id='word_1_601' title='bbox 2166 2920 2262 2976; x_wconf 73' lang='grc' dir='ltr'><strong>καὶ</strong></span> <span class='ocrx_word' id='word_1_602' title='bbox 2286 2920 2358 2975; x_wconf 78' lang='grc' dir='ltr'><strong>τὰ</strong></span> <span class='ocrx_word' id='word_1_603' title='bbox 2393 2920 2560 2975; x_wconf 80' lang='grc' dir='ltr'><strong>λοιπὰ</strong></span> <span class='ocrx_word' id='word_1_604' title='bbox 2588 2922 2874 2992; x_wconf 80' lang='grc' dir='ltr'><strong>διενεργεῖ,</strong></span> <span class='ocrx_word' id='word_1_605' title='bbox 2925 2922 3020 2975; x_wconf 76' lang='grc' dir='ltr'><strong>καὶ</strong></span> <span class='ocrx_word' id='word_1_606' title='bbox 3060 2920 3132 2975; x_wconf 83' lang='grc' dir='ltr'><strong>τὰ</strong></span> <span class='ocrx_word' id='word_1_607' title='bbox 3162 2919 3397 2988; x_wconf 85' lang='grc' dir='ltr'><strong>λείψανα</strong></span> <span class='ocrx_word' id='word_1_608' title='bbox 3422 2936 3528 2973; x_wconf 90' lang='grc' dir='ltr'><strong>κα-</strong></span> 
     </span>
    </p>
   </div>
   <div class='ocr_carea' id='block_1_19' title="bbox 1872 2998 3594 3181">
    <p class='ocr_par' dir='ltr' id='par_1_19' title="bbox 1872 2998 3594 3181">
     <span class='ocr_line' id='line_1_88' title="bbox 1904 2998 3594 3089; baseline -0.002 -21"><span class='ocrx_word' id='word_1_609' title='bbox 1904 3012 2221 3089; x_wconf 50' lang='grc' dir='ltr'><strong>,τατίθησῃ</strong></span> <span class='ocrx_word' id='word_1_610' title='bbox 2264 3014 2367 3087; x_wconf 77' lang='grc' dir='ltr'><strong>τὴν</strong></span> <span class='ocrx_word' id='word_1_611' title='bbox 2396 3014 2601 3084; x_wconf 77' lang='grc' dir='ltr'><strong>άνοιξίν</strong></span> <span class='ocrx_word' id='word_1_612' title='bbox 2645 3031 2706 3070; x_wconf 90' lang='grc' dir='ltr'><strong>τε</strong></span> <span class='ocrx_word' id='word_1_613' title='bbox 2742 3018 2979 3070; x_wconf 81' lang='grc' dir='ltr'><strong>ποιεῖται</strong></span> <span class='ocrx_word' id='word_1_614' title='bbox 3020 3014 3126 3069; x_wconf 86' lang='grc' dir='ltr'><strong>τῶν</strong></span> <span class='ocrx_word' id='word_1_615' title='bbox 3171 3012 3382 3075; x_wconf 85' lang='grc' dir='ltr'><strong>πυλῶν,</strong></span> <span class='ocrx_word' id='word_1_616' title='bbox 3426 3010 3527 3065; x_wconf 69' lang='grc' dir='ltr'><strong>καὶ</strong></span> <span class='ocrx_word' id='word_1_617' title='bbox 3586 2998 3594 3004; x_wconf 63' lang='grc'><strong><em>’</em></strong></span> 
     </span>
     <span class='ocr_line' id='line_1_89' title="bbox 1872 3102 3529 3181; baseline -0.004 -20"><span class='ocrx_word' id='word_1_618' title='bbox 1872 3114 1917 3174; x_wconf 80' lang='lat' dir='ltr'>c</span> <span class='ocrx_word' id='word_1_619' title='bbox 1950 3106 2020 3161; x_wconf 78' lang='grc' dir='ltr'><strong>τὰ</strong></span> <span class='ocrx_word' id='word_1_620' title='bbox 2050 3106 2150 3177; x_wconf 87' lang='grc' dir='ltr'><strong>τῆς</strong></span> <span class='ocrx_word' id='word_1_621' title='bbox 2182 3106 2497 3176; x_wconf 73' lang='grc' dir='ltr'><strong>ἱερουργίας</strong></span> <span class='ocrx_word' id='word_1_622' title='bbox 2529 3107 2763 3172; x_wconf 80' lang='grc' dir='ltr'><strong>έκτελεῐ,</strong></span> <span class='ocrx_word' id='word_1_623' title='bbox 2794 3106 3026 3181; x_wconf 80' lang='grc' dir='ltr'><strong>ἐπείπερ</strong></span> <span class='ocrx_word' id='word_1_624' title='bbox 3055 3105 3196 3178; x_wconf 85' lang='grc' dir='ltr'><strong>αῦτη</strong></span> <span class='ocrx_word' id='word_1_625' title='bbox 3223 3105 3332 3160; x_wconf 83' lang='grc' dir='ltr'><strong>τῶν</strong></span> <span class='ocrx_word' id='word_1_626' title='bbox 3361 3102 3529 3158; x_wconf 86' lang='grc' dir='ltr'><strong>θείων</strong></span> 
     </span>
    </p>
   </div>
   <div class='ocr_carea' id='block_1_20' title="bbox 1945 3198 2737 3270">
    <p class='ocr_par' dir='ltr' id='par_1_20' title="bbox 1945 3198 2737 3270">
     <span class='ocr_line' id='line_1_90' title="bbox 1945 3198 2737 3270; baseline -0.003 -15"><span class='ocrx_word' id='word_1_627' title='bbox 1945 3201 2165 3255; x_wconf 84' lang='grc' dir='ltr'><strong>πάντων</strong></span> <span class='ocrx_word' id='word_1_628' title='bbox 2192 3198 2342 3253; x_wconf 75' lang='grc' dir='ltr'><strong>ἐστὶν</strong></span> <span class='ocrx_word' id='word_1_629' title='bbox 2367 3201 2401 3270; x_wconf 79' lang='grc' dir='ltr'>ἡ</span> <span class='ocrx_word' id='word_1_630' title='bbox 2434 3198 2737 3262; x_wconf 85' lang='grc' dir='ltr'><strong>τελείωσις.</strong></span> 
     </span>
    </p>
   </div>
   <div class='ocr_carea' id='block_1_21' title="bbox 2472 3312 2958 3381">
    <p class='ocr_par' dir='ltr' id='par_1_21' title="bbox 2472 3312 2958 3381">
     <span class='ocr_line' id='line_1_91' title="bbox 2472 3312 2958 3381; baseline 0.002 -15"><span class='ocrx_word' id='word_1_631' title='bbox 2472 3312 2745 3368; x_wconf 58' lang='lat' dir='ltr'><strong>msam.</strong></span> <span class='ocrx_word' id='word_1_632' title='bbox 2795 3312 2958 3381; x_wconf 59' lang='lat' dir='ltr'><strong>Pte-⁹.</strong></span> 
     </span>
    </p>
   </div>
   <div class='ocr_carea' id='block_1_22' title="bbox 1943 3402 3531 3545">
    <p class='ocr_par' dir='ltr' id='par_1_22' title="bbox 1943 3402 3531 3545">
     <span class='ocr_line' id='line_1_92' title="bbox 1943 3402 3531 3473; baseline 0 -17"><span class='ocrx_word' id='word_1_633' title='bbox 1943 3402 2109 3457; x_wconf 84' lang='grc' dir='ltr'><strong>Διατί</strong></span> <span class='ocrx_word' id='word_1_634' title='bbox 2136 3403 2405 3472; x_wconf 70' lang='grc' dir='ltr'><strong>λείψανα</strong></span> <span class='ocrx_word' id='word_1_635' title='bbox 2432 3403 2554 3458; x_wconf 78' lang='grc' dir='ltr'><strong>τῶν</strong></span> <span class='ocrx_word' id='word_1_636' title='bbox 2589 3406 2910 3473; x_wconf 75' lang='grc' dir='ltr'><strong>μαρτύρων</strong></span> <span class='ocrx_word' id='word_1_637' title='bbox 2935 3403 3058 3460; x_wconf 78' lang='grc' dir='ltr'><strong>ὑπὸ</strong></span> <span class='ocrx_word' id='word_1_638' title='bbox 3096 3403 3165 3457; x_wconf 85' lang='grc' dir='ltr'><strong>τὸ</strong></span> <span class='ocrx_word' id='word_1_639' title='bbox 3195 3405 3531 3470; x_wconf 80' lang='grc' dir='ltr'><strong>θυσιαστή-</strong></span> 
     </span>
     <span class='ocr_line' id='line_1_93' title="bbox 2444 3475 3009 3545; baseline -0.004 -16"><span class='ocrx_word' id='word_1_640' title='bbox 2444 3491 2583 3545; x_wconf 81' lang='grc' dir='ltr'><strong>ριον</strong></span> <span class='ocrx_word' id='word_1_641' title='bbox 2612 3475 3009 3530; x_wconf 81' lang='grc' dir='ltr'><strong>κατατίθεται.</strong></span> 
     </span>
    </p>
   </div>
   <div class='ocr_carea' id='block_1_23' title="bbox 1947 3563 3539 4464">
    <p class='ocr_par' dir='ltr' id='par_1_23' title="bbox 1947 3563 3539 4464">
     <span class='ocr_line' id='line_1_94' title="bbox 2015 3563 3531 3635; baseline -0.001 -17"><span class='ocrx_word' id='word_1_642' title='bbox 2015 3565 2113 3630; x_wconf 73' lang='grc' dir='ltr'><strong>Εἰς</strong></span> <span class='ocrx_word' id='word_1_643' title='bbox 2137 3565 2229 3620; x_wconf 73' lang='grc' dir='ltr'><strong>τὸν</strong></span> <span class='ocrx_word' id='word_1_644' title='bbox 2260 3565 2417 3635; x_wconf 74' lang='grc' dir='ltr'><strong>ἅγιον</strong></span> <span class='ocrx_word' id='word_1_645' title='bbox 2446 3566 2626 3619; x_wconf 89' lang='grc' dir='ltr'><strong>τοίνυν</strong></span> <span class='ocrx_word' id='word_1_646' title='bbox 2663 3565 2898 3618; x_wconf 78' lang='grc' dir='ltr'><strong>παλαιὸν</strong></span> <span class='ocrx_word' id='word_1_647' title='bbox 2929 3564 3056 3618; x_wconf 81' lang='grc' dir='ltr'><strong>ναδν</strong></span> <span class='ocrx_word' id='word_1_648' title='bbox 3081 3563 3356 3633; x_wconf 75' lang='grc' dir='ltr'><strong>ἀπελθὼν,</strong></span> <span class='ocrx_word' id='word_1_649' title='bbox 3397 3564 3531 3618; x_wconf 74' lang='grc' dir='ltr'><strong>ἔνθα</strong></span> 
     </span>
     <span class='ocr_line' id='line_1_95' title="bbox 1948 3655 3529 3729; baseline 0.001 -21"><span class='ocrx_word' id='word_1_650' title='bbox 1948 3657 2302 3729; x_wconf 86' lang='grc' dir='ltr'><strong>προαπετέθη</strong></span> <span class='ocrx_word' id='word_1_651' title='bbox 2349 3659 2417 3712; x_wconf 78' lang='grc' dir='ltr'><strong>τὰ</strong></span> <span class='ocrx_word' id='word_1_652' title='bbox 2475 3655 2728 3726; x_wconf 85' lang='grc' dir='ltr'><strong>λείψανα,</strong></span> <span class='ocrx_word' id='word_1_653' title='bbox 2756 3657 2856 3712; x_wconf 73' lang='grc' dir='ltr'><strong>καὶ</strong></span> <span class='ocrx_word' id='word_1_654' title='bbox 2904 3656 3072 3727; x_wconf 79' lang='grc' dir='ltr'><strong>εὐχὰς</strong></span> <span class='ocrx_word' id='word_1_655' title='bbox 3112 3657 3209 3711; x_wconf 82' lang='grc' dir='ltr'><strong>δύο</strong></span> <span class='ocrx_word' id='word_1_656' title='bbox 3259 3656 3529 3727; x_wconf 74' lang='grc' dir='ltr'><strong>εἰρηκὼς,</strong></span> 
     </span>
     <span class='ocr_line' id='line_1_96' title="bbox 1947 3750 3535 3824; baseline 0.003 -22"><span class='ocrx_word' id='word_1_657' title='bbox 1947 3750 2301 3821; x_wconf 81' lang='grc' dir='ltr'><strong>εὐχαριστίαν</strong></span> <span class='ocrx_word' id='word_1_658' title='bbox 2346 3752 2579 3823; x_wconf 71' lang='grc' dir='ltr'><strong>ἐχούσας</strong></span> <span class='ocrx_word' id='word_1_659' title='bbox 2617 3751 2777 3817; x_wconf 88' lang='grc' dir='ltr'><strong>Θεοῦ,</strong></span> <span class='ocrx_word' id='word_1_660' title='bbox 2822 3752 2987 3807; x_wconf 70' lang='grc' dir='ltr'><strong>ἕνεκα</strong></span> <span class='ocrx_word' id='word_1_661' title='bbox 3039 3752 3140 3823; x_wconf 77' lang='grc' dir='ltr'><strong>τῆς</strong></span> <span class='ocrx_word' id='word_1_662' title='bbox 3168 3752 3379 3823; x_wconf 77' lang='grc' dir='ltr'><strong>δωρεᾶς</strong></span> <span class='ocrx_word' id='word_1_663' title='bbox 3429 3754 3535 3824; x_wconf 81' lang='grc' dir='ltr'><strong>τῆς</strong></span> 
     </span>
     <span class='ocr_line' id='line_1_97' title="bbox 1947 3842 3532 3914; baseline 0 -17"><span class='ocrx_word' id='word_1_664' title='bbox 1947 3842 2058 3897; x_wconf 71' lang='grc' dir='ltr'><strong>ἀπὸ</strong></span> <span class='ocrx_word' id='word_1_665' title='bbox 2091 3842 2201 3897; x_wconf 84' lang='grc' dir='ltr'><strong>τῶν</strong></span> <span class='ocrx_word' id='word_1_666' title='bbox 2231 3844 2592 3914; x_wconf 84' lang='grc' dir='ltr'><strong>μαρτυρικῶν</strong></span> <span class='ocrx_word' id='word_1_667' title='bbox 2622 3843 2911 3914; x_wconf 81' lang='grc' dir='ltr'><strong>λειψάνων,</strong></span> <span class='ocrx_word' id='word_1_668' title='bbox 2940 3844 3034 3898; x_wconf 69' lang='grc' dir='ltr'><strong>ἐπὶ</strong></span> <span class='ocrx_word' id='word_1_669' title='bbox 3080 3844 3328 3914; x_wconf 80' lang='grc' dir='ltr'><strong>κεφαλῆς</strong></span> <span class='ocrx_word' id='word_1_670' title='bbox 3371 3845 3532 3914; x_wconf 80' lang='grc' dir='ltr'><strong>φέρει</strong></span> 
     </span>
     <span class='ocr_line' id='line_1_98' title="bbox 1948 3932 3532 4008; baseline 0.002 -20"><span class='ocrx_word' id='word_1_671' title='bbox 1948 3932 2145 3989; x_wconf 88' lang='grc' dir='ltr'><strong>ταῦτα.</strong></span> <span class='ocrx_word' id='word_1_672' title='bbox 2190 3935 2305 3989; x_wconf 73' lang='grc' dir='ltr'><strong>Καὶ</strong></span> <span class='ocrx_word' id='word_1_673' title='bbox 2354 3934 2525 3989; x_wconf 77' lang='grc' dir='ltr'><strong>ἐλθὼν</strong></span> <span class='ocrx_word' id='word_1_674' title='bbox 2559 3935 2913 4008; x_wconf 79' lang='grc' dir='ltr'><strong>κατατίθησιν</strong></span> <span class='ocrx_word' id='word_1_675' title='bbox 2964 3936 3156 4006; x_wconf 83' lang='grc' dir='ltr'><strong>ὥσπερ</strong></span> <span class='ocrx_word' id='word_1_676' title='bbox 3206 3936 3351 4000; x_wconf 75' lang='grc' dir='ltr'><strong>ἔθος.</strong></span> <span class='ocrx_word' id='word_1_677' title='bbox 3392 3937 3532 3992; x_wconf 73' lang='grc' dir='ltr'><strong>Οὐδὲ</strong></span> 
     </span>
     <span class='ocr_line' id='line_1_99' title="bbox 1950 4025 3527 4100; baseline 0 -18"><span class='ocrx_word' id='word_1_678' title='bbox 1950 4028 2060 4098; x_wconf 78' lang='grc' dir='ltr'><strong>γὰρ</strong></span> <span class='ocrx_word' id='word_1_679' title='bbox 2083 4027 2241 4098; x_wconf 78' lang='grc' dir='ltr'><strong>θέμις</strong></span> <span class='ocrx_word' id='word_1_680' title='bbox 2262 4026 2386 4097; x_wconf 88' lang='grc' dir='ltr'><strong>δίχα</strong></span> <span class='ocrx_word' id='word_1_681' title='bbox 2414 4025 2686 4098; x_wconf 79' lang='grc' dir='ltr'><strong>λειψάνων</strong></span> <span class='ocrx_word' id='word_1_682' title='bbox 2714 4026 3072 4100; x_wconf 87' lang='grc' dir='ltr'><strong>μαρτυρικῶν</strong></span> <span class='ocrx_word' id='word_1_683' title='bbox 3097 4028 3132 4099; x_wconf 74' lang='grc' dir='ltr'>ἢ</span> <span class='ocrx_word' id='word_1_684' title='bbox 3158 4027 3328 4082; x_wconf 80' lang='grc' dir='ltr'><strong>ὁσίων</strong></span> <span class='ocrx_word' id='word_1_685' title='bbox 3351 4029 3527 4096; x_wconf 80' lang='grc' dir='ltr'><strong>ἁγίων</strong></span> 
     </span>
     <span class='ocr_line' id='line_1_100' title="bbox 1952 4117 3535 4193; baseline -0.001 -18"><span class='ocrx_word' id='word_1_686' title='bbox 1952 4118 2283 4193; x_wconf 78' lang='grc' dir='ltr'><strong>καθιέρωσιν</strong></span> <span class='ocrx_word' id='word_1_687' title='bbox 2326 4119 2599 4189; x_wconf 70' lang='grc' dir='ltr'><strong>ἑνεργείν,</strong></span> <span class='ocrx_word' id='word_1_688' title='bbox 2638 4120 2722 4174; x_wconf 86' lang='grc' dir='ltr'><strong>ὃτι</strong></span> <span class='ocrx_word' id='word_1_689' title='bbox 2768 4118 3008 4186; x_wconf 77' lang='grc' dir='ltr'><strong>θεμέλιοι</strong></span> <span class='ocrx_word' id='word_1_690' title='bbox 3051 4118 3153 4189; x_wconf 86' lang='grc' dir='ltr'><strong>τῆς</strong></span> <span class='ocrx_word' id='word_1_691' title='bbox 3195 4117 3535 4192; x_wconf 82' lang='grc' dir='ltr'><strong>Ἐκκλησίας</strong></span> 
     </span>
     <span class='ocr_line' id='line_1_101' title="bbox 1951 4207 3539 4285; baseline 0.001 -22"><span class='ocrx_word' id='word_1_692' title='bbox 1951 4209 2091 4285; x_wconf 60' lang='lat' dir='ltr'><strong>stetu</strong></span> <span class='ocrx_word' id='word_1_693' title='bbox 2140 4209 2194 4264; x_wconf 71' lang='lat' dir='ltr'><strong>oi</strong></span> <span class='ocrx_word' id='word_1_694' title='bbox 2242 4208 2542 4278; x_wconf 78' lang='grc' dir='ltr'><strong>μάρτυρες,</strong></span> <span class='ocrx_word' id='word_1_695' title='bbox 2598 4207 2692 4262; x_wconf 77' lang='grc' dir='ltr'><strong>ἐπὶ</strong></span> <span class='ocrx_word' id='word_1_696' title='bbox 2747 4208 2828 4279; x_wconf 80' lang='grc' dir='ltr'><strong>τῷ</strong></span> <span class='ocrx_word' id='word_1_697' title='bbox 2866 4208 3103 4281; x_wconf 76' lang='grc' dir='ltr'><strong>θεμελίῳ</strong></span> <span class='ocrx_word' id='word_1_698' title='bbox 3145 4207 3244 4263; x_wconf 87' lang='grc' dir='ltr'><strong>τοῦ</strong></span> <span class='ocrx_word' id='word_1_699' title='bbox 3275 4211 3539 4281; x_wconf 83' lang='grc' dir='ltr'><strong>Σωτῆρος</strong></span> 
     </span>
     <span class='ocr_line' id='line_1_102' title="bbox 1951 4297 3539 4373; baseline 0.001 -18"><span class='ocrx_word' id='word_1_700' title='bbox 1951 4297 2508 4370; x_wconf 69' lang='grc' dir='ltr'><strong>ἐποικοδομηθέντες·</strong></span> <span class='ocrx_word' id='word_1_701' title='bbox 2545 4299 2641 4353; x_wconf 74' lang='grc' dir='ltr'><strong>καὶ</strong></span> <span class='ocrx_word' id='word_1_702' title='bbox 2696 4298 2757 4352; x_wconf 72' lang='grc' dir='ltr'><strong>ὲν</strong></span> <span class='ocrx_word' id='word_1_703' title='bbox 2803 4300 2871 4370; x_wconf 72' lang='grc' dir='ltr'><strong>τῇ</strong></span> <span class='ocrx_word' id='word_1_704' title='bbox 2930 4298 3202 4373; x_wconf 68' lang='grc' dir='ltr'><strong>ἐκκλησίᾳ</strong></span> <span class='ocrx_word' id='word_1_705' title='bbox 3251 4300 3372 4356; x_wconf 81' lang='grc' dir='ltr'><strong>δέον</strong></span> <span class='ocrx_word' id='word_1_706' title='bbox 3405 4302 3539 4356; x_wconf 81' lang='grc' dir='ltr'><strong>τοῦ·</strong></span> 
     </span>
     <span class='ocr_line' id='line_1_103' title="bbox 1952 4386 3536 4464; baseline 0.001 -18"><span class='ocrx_word' id='word_1_707' title='bbox 1952 4409 2076 4454; x_wconf 78' lang='grc' dir='ltr'><strong>τους</strong></span> <span class='ocrx_word' id='word_1_708' title='bbox 2113 4389 2221 4444; x_wconf 71' lang='grc' dir='ltr'><strong>ὑπὸ</strong></span> <span class='ocrx_word' id='word_1_709' title='bbox 2269 4389 2333 4444; x_wconf 78' lang='grc' dir='ltr'><strong>τὸ</strong></span> <span class='ocrx_word' id='word_1_710' title='bbox 2360 4388 2748 4462; x_wconf 78' lang='grc' dir='ltr'><strong>θυσιαστήριον</strong></span> <span class='ocrx_word' id='word_1_711' title='bbox 2788 4386 2950 4458; x_wconf 76' lang='grc' dir='ltr'><strong>εἶναι,</strong></span> <span class='ocrx_word' id='word_1_712' title='bbox 3003 4392 3129 4446; x_wconf 62' lang='grc' dir='ltr'><strong>ἐπεὶ</strong></span> <span class='ocrx_word' id='word_1_713' title='bbox 3178 4392 3277 4448; x_wconf 72' lang='grc' dir='ltr'><strong>καὶ</strong></span> <span class='ocrx_word' id='word_1_714' title='bbox 3305 4393 3536 4464; x_wconf 73' lang='grc' dir='ltr'><strong>τοῦτοή</strong></span> 
     </span>
    </p>
   </div>
   <div class='ocr_carea' id='block_1_24' title="bbox 1953 4572 3545 5832">
    <p class='ocr_par' dir='ltr' id='par_1_24' title="bbox 1953 4572 3545 5832">
     <span class='ocr_line' id='line_1_104' title="bbox 1953 4572 3539 4647; baseline 0 -16"><span class='ocrx_word' id='word_1_715' title='bbox 1953 4573 2193 4645; x_wconf 85' lang='grc' dir='ltr'><strong>Χριστοῦ</strong></span> <span class='ocrx_word' id='word_1_716' title='bbox 2222 4572 2318 4629; x_wconf 89' lang='grc' dir='ltr'><strong>τοῦ</strong></span> <span class='ocrx_word' id='word_1_717' title='bbox 2355 4573 2515 4630; x_wconf 82' lang='grc' dir='ltr'><strong>Θεοῦ.</strong></span> <span class='ocrx_word' id='word_1_718' title='bbox 2544 4573 2707 4628; x_wconf 88' lang='grc' dir='ltr'><strong>Ὅθεν</strong></span> <span class='ocrx_word' id='word_1_719' title='bbox 2756 4575 2853 4629; x_wconf 72' lang='grc' dir='ltr'><strong>καὶ</strong></span> <span class='ocrx_word' id='word_1_720' title='bbox 2883 4574 3042 4646; x_wconf 76' lang='grc' dir='ltr'><strong>μύρῳ</strong></span> <span class='ocrx_word' id='word_1_721' title='bbox 3072 4575 3308 4647; x_wconf 77' lang='grc' dir='ltr'><strong>χρίεται,</strong></span> <span class='ocrx_word' id='word_1_722' title='bbox 3353 4578 3449 4631; x_wconf 77' lang='grc' dir='ltr'><strong>καὶ</strong></span> <span class='ocrx_word' id='word_1_723' title='bbox 3474 4578 3539 4631; x_wconf 83' lang='grc' dir='ltr'><strong>τὸ</strong></span> 
     </span>
     <span class='ocr_line' id='line_1_105' title="bbox 1956 4665 3536 4736; baseline 0.001 -16"><span class='ocrx_word' id='word_1_724' title='bbox 1956 4665 2290 4734; x_wconf 76' lang='grc' dir='ltr'><strong>Εὐαγγέλιον</strong></span> <span class='ocrx_word' id='word_1_725' title='bbox 2344 4665 2481 4736; x_wconf 75' lang='grc' dir='ltr'><strong>ἔχει,</strong></span> <span class='ocrx_word' id='word_1_726' title='bbox 2523 4667 2619 4721; x_wconf 79' lang='grc' dir='ltr'><strong>καὶ</strong></span> <span class='ocrx_word' id='word_1_727' title='bbox 2666 4665 2758 4719; x_wconf 79' lang='grc' dir='ltr'><strong>ὑπ’</strong></span> <span class='ocrx_word' id='word_1_728' title='bbox 2787 4665 2935 4735; x_wconf 78' lang='grc' dir='ltr'><strong>αὐτῷ</strong></span> <span class='ocrx_word' id='word_1_729' title='bbox 2984 4665 3168 4730; x_wconf 83' lang='grc' dir='ltr'><strong>καλῶς</strong></span> <span class='ocrx_word' id='word_1_730' title='bbox 3210 4667 3323 4720; x_wconf 85' lang='grc' dir='ltr'><strong>τῶν</strong></span> <span class='ocrx_word' id='word_1_731' title='bbox 3354 4668 3536 4734; x_wconf 77' lang='grc' dir='ltr'><strong>ἁγίων</strong></span> 
     </span>
     <span class='ocr_line' id='line_1_106' title="bbox 1954 4754 3529 4829; baseline 0 -18"><span class='ocrx_word' id='word_1_732' title='bbox 1954 4758 2061 4811; x_wconf 73' lang='grc' dir='ltr'><strong>εἰσὶ</strong></span> <span class='ocrx_word' id='word_1_733' title='bbox 2093 4754 2161 4810; x_wconf 80' lang='grc' dir='ltr'><strong>τὰ</strong></span> <span class='ocrx_word' id='word_1_734' title='bbox 2182 4755 2437 4826; x_wconf 87' lang='grc' dir='ltr'><strong>λείψανα,</strong></span> <span class='ocrx_word' id='word_1_735' title='bbox 2463 4758 2558 4810; x_wconf 79' lang='grc' dir='ltr'><strong>καὶ</strong></span> <span class='ocrx_word' id='word_1_736' title='bbox 2586 4757 2756 4828; x_wconf 75' lang='grc' dir='ltr'><strong>χωρὶς</strong></span> <span class='ocrx_word' id='word_1_737' title='bbox 2783 4755 3057 4826; x_wconf 85' lang='grc' dir='ltr'><strong>λειψάνων</strong></span> <span class='ocrx_word' id='word_1_738' title='bbox 3090 4757 3151 4811; x_wconf 81' lang='grc' dir='ltr'><strong>οὐ</strong></span> <span class='ocrx_word' id='word_1_739' title='bbox 3191 4758 3529 4829; x_wconf 80' lang='grc' dir='ltr'><strong>καθιερῶσαι</strong></span> 
     </span>
     <span class='ocr_line' id='line_1_107' title="bbox 1954 4848 3525 4919; baseline -0.001 -15"><span class='ocrx_word' id='word_1_740' title='bbox 1954 4849 2198 4916; x_wconf 76' lang='grc' dir='ltr'><strong>δυνατὸν,</strong></span> <span class='ocrx_word' id='word_1_741' title='bbox 2234 4849 2310 4913; x_wconf 84' lang='grc' dir='ltr'><strong>ὠς</strong></span> <span class='ocrx_word' id='word_1_742' title='bbox 2344 4848 2393 4901; x_wconf 83' lang='lat' dir='ltr'><strong>ol</strong></span> <span class='ocrx_word' id='word_1_743' title='bbox 2444 4849 2592 4916; x_wconf 80' lang='grc' dir='ltr'><strong>ᾰγιοι</strong></span> <span class='ocrx_word' id='word_1_744' title='bbox 2634 4849 3005 4917; x_wconf 77' lang='grc' dir='ltr'><strong>ἀπεφήναντο.</strong></span> <span class='ocrx_word' id='word_1_745' title='bbox 3053 4849 3135 4902; x_wconf 75' lang='grc' dir='ltr'><strong>Τὰ</strong></span> <span class='ocrx_word' id='word_1_746' title='bbox 3188 4848 3420 4919; x_wconf 85' lang='grc' dir='ltr'><strong>λείψανα</strong></span> <span class='ocrx_word' id='word_1_747' title='bbox 3466 4849 3525 4902; x_wconf 70' lang='grc' dir='ltr'><strong>δὲ</strong></span> 
     </span>
     <span class='ocr_line' id='line_1_108' title="bbox 1956 4935 3523 5010; baseline -0.002 -17"><span class='ocrx_word' id='word_1_748' title='bbox 1956 4938 2384 5010; x_wconf 86' lang='grc' dir='ltr'><strong>προαποτίθεται</strong></span> <span class='ocrx_word' id='word_1_749' title='bbox 2440 4937 2593 5007; x_wconf 77' lang='lat'><strong>121</strong></span> <span class='ocrx_word' id='word_1_750' title='bbox 2630 4935 2711 4998; x_wconf 81' lang='grc' dir='ltr'><strong>είς</strong></span> <span class='ocrx_word' id='word_1_751' title='bbox 2757 4936 2906 5000; x_wconf 80' lang='grc' dir='ltr'><strong>ναὸν,</strong></span> <span class='ocrx_word' id='word_1_752' title='bbox 2948 4937 3032 4991; x_wconf 83' lang='grc' dir='ltr'><strong>ὅτι</strong></span> <span class='ocrx_word' id='word_1_753' title='bbox 3080 4935 3390 5007; x_wconf 76' lang='grc' dir='ltr'><strong>ηγιασμένα</strong></span> <span class='ocrx_word' id='word_1_754' title='bbox 3431 4937 3523 4990; x_wconf 74' lang='grc' dir='ltr'><strong>καὶ</strong></span> 
     </span>
     <span class='ocr_line' id='line_1_109' title="bbox 1961 5013 3527 5106; baseline -0.003 -17"><span class='ocrx_word' id='word_1_755' title='bbox 1961 5034 2095 5106; x_wconf 82' lang='grc' dir='ltr'><strong>μέλη</strong></span> <span class='ocrx_word' id='word_1_756' title='bbox 2151 5032 2390 5104; x_wconf 86' lang='grc' dir='ltr'><strong>Χριστοῦ</strong></span> <span class='ocrx_word' id='word_1_757' title='bbox 2438 5034 2532 5086; x_wconf 78' lang='grc' dir='ltr'><strong>καὶ</strong></span> <span class='ocrx_word' id='word_1_758' title='bbox 2562 5013 2927 5102; x_wconf 87' lang='grc' dir='ltr'><strong>θυσιαστήρια</strong></span> <span class='ocrx_word' id='word_1_759' title='bbox 2971 5031 3049 5095; x_wconf 87' lang='grc' dir='ltr'><strong>ὡς</strong></span> <span class='ocrx_word' id='word_1_760' title='bbox 3087 5032 3361 5101; x_wconf 82' lang='grc' dir='ltr'><strong>τεθυμένα</strong></span> <span class='ocrx_word' id='word_1_761' title='bbox 3386 5029 3527 5101; x_wconf 59' lang='lat' dir='ltr'><strong>amp</strong></span> 
     </span>
     <span class='ocr_line' id='line_1_110' title="bbox 1956 5119 3536 5193; baseline -0.004 -16"><span class='ocrx_word' id='word_1_762' title='bbox 1956 5122 2143 5179; x_wconf 79' lang='grc' dir='ltr'><strong>αὐτοῦ.</strong></span> <span class='ocrx_word' id='word_1_763' title='bbox 2186 5124 2296 5179; x_wconf 68' lang='grc' dir='ltr'><strong>Καὶ</strong></span> <span class='ocrx_word' id='word_1_764' title='bbox 2345 5125 2426 5186; x_wconf 87' lang='grc' dir='ltr'><strong>είς</strong></span> <span class='ocrx_word' id='word_1_765' title='bbox 2456 5121 2750 5193; x_wconf 86' lang='grc' dir='ltr'><strong>ίερώτατον</strong></span> <span class='ocrx_word' id='word_1_766' title='bbox 2797 5119 3158 5190; x_wconf 76' lang='grc' dir='ltr'><strong>ἐμδάλλονται</strong></span> <span class='ocrx_word' id='word_1_767' title='bbox 3214 5119 3421 5184; x_wconf 84' lang='grc' dir='ltr'><strong>δίσκον,</strong></span> <span class='ocrx_word' id='word_1_768' title='bbox 3449 5121 3536 5172; x_wconf 79' lang='grc' dir='ltr'><strong>ὅτι</strong></span> 
     </span>
     <span class='ocr_line' id='line_1_111' title="bbox 1959 5211 3537 5284; baseline -0.001 -16"><span class='ocrx_word' id='word_1_769' title='bbox 1959 5215 2059 5283; x_wconf 85' lang='grc' dir='ltr'><strong>τῆς</strong></span> <span class='ocrx_word' id='word_1_770' title='bbox 2089 5213 2212 5284; x_wconf 76' lang='grc' dir='ltr'><strong>ἴσης</strong></span> <span class='ocrx_word' id='word_1_771' title='bbox 2243 5213 2530 5284; x_wconf 82' lang='grc' dir='ltr'><strong>μετέχουσι</strong></span> <span class='ocrx_word' id='word_1_772' title='bbox 2563 5212 2641 5282; x_wconf 83' lang='grc' dir='ltr'><strong>τῷ</strong></span> <span class='ocrx_word' id='word_1_773' title='bbox 2676 5214 2925 5284; x_wconf 79' lang='grc' dir='ltr'><strong>Δεσπότῃ</strong></span> <span class='ocrx_word' id='word_1_774' title='bbox 2968 5211 3157 5282; x_wconf 84' lang='grc' dir='ltr'><strong>τιμῆς,</strong></span> <span class='ocrx_word' id='word_1_775' title='bbox 3194 5211 3337 5282; x_wconf 79' lang='grc' dir='ltr'><strong>ὑπὲρ</strong></span> <span class='ocrx_word' id='word_1_776' title='bbox 3364 5212 3537 5267; x_wconf 81' lang='grc' dir='ltr'><strong>αὐτοῦ</strong></span> 
     </span>
     <span class='ocr_line' id='line_1_112' title="bbox 1959 5301 3544 5374; baseline -0.002 -15"><span class='ocrx_word' id='word_1_777' title='bbox 1959 5305 2404 5374; x_wconf 80' lang='grc' dir='ltr'><strong>διηγωνισμένοι.</strong></span> <span class='ocrx_word' id='word_1_778' title='bbox 2462 5306 2573 5360; x_wconf 76' lang='grc' dir='ltr'><strong>Καὶ</strong></span> <span class='ocrx_word' id='word_1_779' title='bbox 2631 5303 2725 5357; x_wconf 63' lang='lat' dir='ltr'><strong>tat</strong></span> <span class='ocrx_word' id='word_1_780' title='bbox 2780 5301 3201 5373; x_wconf 82' lang='grc' dir='ltr'><strong>καθιερωμένης</strong></span> <span class='ocrx_word' id='word_1_781' title='bbox 3249 5303 3544 5374; x_wconf 76' lang='grc' dir='ltr'><strong>τραπέζης</strong></span> 
     </span>
     <span class='ocr_line' id='line_1_113' title="bbox 1959 5390 3545 5464; baseline -0.001 -16"><span class='ocrx_word' id='word_1_782' title='bbox 1959 5395 2214 5460; x_wconf 86' lang='grc' dir='ltr'><strong>τίθενται,</strong></span> <span class='ocrx_word' id='word_1_783' title='bbox 2243 5396 2365 5447; x_wconf 79' lang='grc' dir='ltr'><strong>ἐπεὶ</strong></span> <span class='ocrx_word' id='word_1_784' title='bbox 2396 5393 2765 5446; x_wconf 84' lang='grc' dir='ltr'><strong>συναπέθανον</strong></span> <span class='ocrx_word' id='word_1_785' title='bbox 2795 5391 2875 5462; x_wconf 87' lang='grc' dir='ltr'><strong>τῷ</strong></span> <span class='ocrx_word' id='word_1_786' title='bbox 2903 5390 3147 5462; x_wconf 81' lang='grc' dir='ltr'><strong>Χριστῷ,</strong></span> <span class='ocrx_word' id='word_1_787' title='bbox 3176 5391 3374 5463; x_wconf 78' lang='grc' dir='ltr'><strong>καὶτῷ</strong></span> <span class='ocrx_word' id='word_1_788' title='bbox 3409 5393 3545 5464; x_wconf 80' lang='grc' dir='ltr'><strong>θείῳ</strong></span> 
     </span>
     <span class='ocr_line' id='line_1_114' title="bbox 1960 5484 3539 5557; baseline 0.002 -18"><span class='ocrx_word' id='word_1_789' title='bbox 1960 5489 2057 5557; x_wconf 83' lang='grc' dir='ltr'><strong>τῆς</strong></span> <span class='ocrx_word' id='word_1_790' title='bbox 2085 5485 2252 5539; x_wconf 82' lang='grc' dir='ltr'><strong>αὐτοῦ</strong></span> <span class='ocrx_word' id='word_1_791' title='bbox 2298 5484 2457 5557; x_wconf 79' lang='grc' dir='ltr'><strong>δόξης</strong></span> <span class='ocrx_word' id='word_1_792' title='bbox 2507 5485 2680 5556; x_wconf 67' lang='grc' dir='ltr'><strong>θρόνῳ</strong></span> <span class='ocrx_word' id='word_1_793' title='bbox 2727 5484 3056 5555; x_wconf 83' lang='grc' dir='ltr'><strong>τυγχάνουσι</strong></span> <span class='ocrx_word' id='word_1_794' title='bbox 3104 5484 3539 5554; x_wconf 81' lang='grc' dir='ltr'><strong>παριστάμενοι.</strong></span> 
     </span>
     <span class='ocr_line' id='line_1_115' title="bbox 1961 5573 3541 5647; baseline -0.003 -15"><span class='ocrx_word' id='word_1_795' title='bbox 1961 5579 2060 5632; x_wconf 78' lang='grc' dir='ltr'><strong>Διὰ</strong></span> <span class='ocrx_word' id='word_1_796' title='bbox 2090 5577 2247 5632; x_wconf 88' lang='grc' dir='ltr'><strong>τοῦτο</strong></span> <span class='ocrx_word' id='word_1_797' title='bbox 2274 5578 2366 5632; x_wconf 72' lang='grc' dir='ltr'><strong>καὶ</strong></span> <span class='ocrx_word' id='word_1_798' title='bbox 2421 5578 2515 5630; x_wconf 74' lang='grc' dir='ltr'><strong>ἐπὶ</strong></span> <span class='ocrx_word' id='word_1_799' title='bbox 2544 5576 2783 5646; x_wconf 80' lang='grc' dir='ltr'><strong>κεφαλῆς</strong></span> <span class='ocrx_word' id='word_1_800' title='bbox 2828 5577 2966 5647; x_wconf 79' lang='grc' dir='ltr'><strong>μετὰ</strong></span> <span class='ocrx_word' id='word_1_801' title='bbox 3015 5573 3110 5628; x_wconf 88' lang='grc' dir='ltr'><strong>τοῦ</strong></span> <span class='ocrx_word' id='word_1_802' title='bbox 3143 5574 3333 5628; x_wconf 84' lang='grc' dir='ltr'><strong>δίσκου</strong></span> <span class='ocrx_word' id='word_1_803' title='bbox 3375 5574 3407 5627; x_wconf 78' lang='grc' dir='ltr'><strong>ὀ</strong></span> <span class='ocrx_word' id='word_1_804' title='bbox 3433 5577 3541 5646; x_wconf 74' lang='grc' dir='ltr'><strong>ἀρ·</strong></span> 
     </span>
     <span class='ocr_line' id='line_1_116' title="bbox 1962 5665 3542 5742; baseline -0.003 -17"><span class='ocrx_word' id='word_1_805' title='bbox 1962 5670 2179 5742; x_wconf 79' lang='grc' dir='ltr'><strong>χιερεῦς</strong></span> <span class='ocrx_word' id='word_1_806' title='bbox 2214 5670 2359 5740; x_wconf 84' lang='grc' dir='ltr'><strong>αίρει</strong></span> <span class='ocrx_word' id='word_1_807' title='bbox 2395 5667 2590 5733; x_wconf 89' lang='grc' dir='ltr'><strong>ταῦτα,</strong></span> <span class='ocrx_word' id='word_1_808' title='bbox 2618 5667 2692 5732; x_wconf 84' lang='grc' dir='ltr'><strong>ὡς</strong></span> <span class='ocrx_word' id='word_1_809' title='bbox 2720 5668 2861 5722; x_wconf 77' lang='grc' dir='ltr'><strong>αὐτὰ</strong></span> <span class='ocrx_word' id='word_1_810' title='bbox 2890 5666 2958 5738; x_wconf 77' lang='grc' dir='ltr'><strong>δὴ</strong></span> <span class='ocrx_word' id='word_1_811' title='bbox 2997 5665 3064 5719; x_wconf 71' lang='grc' dir='ltr'><strong>τὰ</strong></span> <span class='ocrx_word' id='word_1_812' title='bbox 3107 5666 3228 5719; x_wconf 80' lang='grc' dir='ltr'><strong>θεῖα</strong></span> <span class='ocrx_word' id='word_1_813' title='bbox 3257 5669 3542 5738; x_wconf 83' lang='grc' dir='ltr'><strong>μυστήρια</strong></span> 
     </span>
     <span class='ocr_line' id='line_1_117' title="bbox 1964 5754 3541 5832; baseline -0.006 -13"><span class='ocrx_word' id='word_1_814' title='bbox 1964 5765 2024 5819; x_wconf 83' lang='grc' dir='ltr'><strong>τὸ</strong></span> <span class='ocrx_word' id='word_1_815' title='bbox 2055 5763 2146 5819; x_wconf 87' lang='grc' dir='ltr'><strong>τοῦ</strong></span> <span class='ocrx_word' id='word_1_816' title='bbox 2175 5762 2447 5816; x_wconf 73' lang='grc' dir='ltr'><strong>Δεσπότου</strong></span> <span class='ocrx_word' id='word_1_817' title='bbox 2478 5759 2635 5832; x_wconf 82' lang='grc' dir='ltr'><strong>σῶμα</strong></span> <span class='ocrx_word' id='word_1_818' title='bbox 2660 5760 2753 5815; x_wconf 56' lang='grc' dir='ltr'><strong>καὶΙ</strong></span> <span class='ocrx_word' id='word_1_819' title='bbox 2776 5754 2915 5831; x_wconf 70' lang='grc' dir='ltr'><strong>αἷμα</strong></span> <span class='ocrx_word' id='word_1_820' title='bbox 2945 5758 3140 5830; x_wconf 86' lang='grc' dir='ltr'><strong>τιμῶν.</strong></span> <span class='ocrx_word' id='word_1_821' title='bbox 3167 5759 3229 5813; x_wconf 75' lang='lat' dir='ltr'><strong>Et</strong></span> <span class='ocrx_word' id='word_1_822' title='bbox 3264 5761 3376 5831; x_wconf 78' lang='grc' dir='ltr'><strong>γὰρ</strong></span> <span class='ocrx_word' id='word_1_823' title='bbox 3400 5759 3541 5830; x_wconf 78' lang='grc' dir='ltr'><strong>πρὸς</strong></span> 
     </span>
    </p>
   </div>
  </div>
 </body>
</html>
