3784 6125
263 289 368 357 311
1118 286 1420 348 SYMEON
1432 288 1500 348 lS
1540 284 2291 350 THESSALONICENSIS
2342 282 2697 346 ARCHIEP.
3406 272 3441 334 3
3457 272 3520 333 ΕΞ

260 418 366 457 non
400 399 685 468 insignitos
716 399 962 472 expellit.
988 399 1122 456 Nam
1154 414 1279 456 cum
1312 400 1471 456 dehet
1500 417 1759 458 consecra
1772 418 1833 457 re
1861 407 1906 463 Α
1938 402 2215 474 σφραγῖδα
2265 402 2417 471 ἱερὰν
2468 400 2717 471 ἔχοντας.
2781 392 3004 466 Ἐπειδὴ
3058 390 3169 469 γὰρ
3220 387 3517 456 καθεροῦν

255 493 499 557 domum,
530 500 883 547 consecratos
946 491 1113 548 etiam
1145 491 1470 548 sacerdotali
1517 492 1837 548 charactere
1940 494 2128 564 μέλλει
2155 493 2249 548 τὸν
2286 488 2457 554 οἷκον,
2502 492 2596 545 καὶ
2629 486 3077 559 καθιερωμένους
3111 485 3180 555 τῇ
3218 482 3318 551 τῆς
3348 481 3517 549 ίερω·

253 590 485 638 cunctos
545 590 759 652 oportet
816 583 1006 637 adesse
1055 581 1477 652 ministrareqne
1532 582 1832 638 secundum
1937 584 2107 655 σύνης
2139 583 2398 653 σφραγῖδι
2433 583 2643 644 πάντας
2665 578 2872 649 ὀφείλει
2899 577 3159 647 παρεῖναι
3183 573 3280 627 καὶ
3309 573 3519 640 ὑπηρε-

261 671 689 741 nniuscujusqne
727 680 954 736 statum,
997 687 1105 727 non
1163 682 1342 726 antem
1378 689 1444 728 ex
1474 673 1665 730 ordine
1691 673 1832 731 laico
1932 679 2049 730 τείν
2078 675 2362 743 ἀναλόγως
2393 674 2648 737 ἕκαστον,
2680 670 2777 725 καὶ
2814 669 2888 738 μή
2918 684 3043 721 τινα
3078 666 3188 719 τῶν
3217 666 3278 717 ὲν
3306 664 3518 726 λαῖκοίς

252 778 579 834 quemquam
625 782 639 817 ι
672 764 822 819 intus
855 764 998 818 enim
1030 764 1124 834 qui
1156 765 1448 833 reperitur,
1485 779 1645 821 sacer
1671 766 1831 821 debet
1933 765 2308 840 τεταγμένων,
2365 762 2555 832 ἐπειδὴ
2591 777 2701 831 περ
2731 762 2759 813 ὁ
2788 757 3036 845 εὑρεθεὶς
3069 756 3219 819 ὲντδς
3248 750 3391 809 εἶναι
3421 753 3517 807 καὶ

251 871 373 911 esse
399 856 664 921 minister,
699 855 841 910 sicut
869 863 924 910 ct
951 870 1107 911 sacra
1139 856 1335 912 domus
1372 864 1456 911 est
1484 873 1604 927 quae
1625 858 1830 914 sancti·
1937 856 2083 927 ίερδς
2120 854 2399 926 ὑπηρέτης
2428 853 2633 923 ὀφείλει
2666 848 2829 913 εἶναι,
2858 848 2935 912 ὠς
2974 847 3070 901 καὶ
3128 846 3277 917 ispe:
3307 841 3461 908 οἶκος
3488 845 3518 896 ό

254 948 468 1003 licatur.
507 946 734 1017 Propter
759 946 864 1001 hoc
899 946 1067 1017 igitur
1098 947 1390 1017 exiguntur
1441 948 1588 1014 laici,
1651 950 1827 1004 donec
1932 947 2435 1018 καθαγιαζόμενος·
2487 943 2777 1013 ἐξάγονται
2848 941 3032 995 τοίνυν
3083 938 3135 992 οί
3191 937 3377 991 λαῖκοὶ
3428 936 3518 989 διὰ

251 1046 633 1093 consecratum
664 1037 735 1093 sit
776 1038 1062 1108 templum,
1096 1048 1352 1107 tanquam
1385 1038 1451 1093 ad
1510 1039 1684 1095 altare
1717 1055 1824 1096 non
1931 1035 2115 1102 τοῦτο,
2145 1034 2304 1106 ἄχρις
2352 1034 2510 1104 117
2539 1033 2606 1087 ἂν
2635 1032 2873 1103 ἅγῑασθῇ
2919 1031 2949 1084 ⁶
2975 1029 3124 1094 ναὸς,
3159 1027 3237 1091 ὡς
3283 1027 3381 1081 καὶ
3420 1025 3518 1081 τοῦ

253 1129 609 1201 pertinentes·
1934 1126 2331 1198 θυσιαστηρίου
2362 1124 2518 1189 ὄντες
2542 1126 2724 1189 ἐκτός.

849 1219 1075 1277 CAPUT
1131 1224 1245 1280 CV.

656 1312 830 1378 Quare
856 1323 997 1368 ηιοια
1024 1326 1392 1383 exponamur.

326 1401 575 1472 Exigitur
610 1412 793 1457 autem
819 1405 983 1459 etiam
1011 1419 1043 1460 e
1078 1406 1274 1474 templo
1303 1409 1670 1477 quodcunque
1703 1422 1824 1462 mo-

250 1496 378 1560 nile,
409 1496 664 1567 qnoniam
703 1496 1063 1566 quodeunque
1111 1498 1311 1553 mobile
1361 1507 1602 1552 mutatur
1631 1498 1700 1552 ah
1728 1497 1824 1552 ali·

251 1595 362 1650 qno
390 1596 601 1637 necnon
639 1580 989 1650 transfertur,
1054 1583 1233 1655 ipsum
1307 1600 1435 1641 vero
1494 1586 1652 1642 debet
1698 1600 1825 1641 esse

2521 1216 2773 1271 ΚΕΦΑΛ.
2799 1214 2919 1271 ΡΕ’.

2217 1309 2382 1363 Amr!
2424 1306 2749 1378 ἐξάγονται
2782 1307 2854 1360 τὰ
2888 1306 3232 1375 κινούμενα.

2015 1399 2301 1468 Ἐξάγεται
2326 1398 2381 1453 δὲ
2409 1401 2503 1453 καὶ
2529 1400 2640 1452 πᾶν
2667 1397 2988 1467 κινούμενον
3005 1396 3099 1450 τοῦ
3123 1395 3278 1459 ναοῦ,
3299 1397 3384 1449 ὃτι
3409 1394 3526 1447 πᾶν

1928 1490 2247 1561 κινούμενον
2289 1490 2393 1545 ὑπό
2435 1506 2579 1553 τινος
2627 1488 2943 1559 μεταδαίνει
2985 1489 3083 1541 καὶ
3132 1486 3515 1557 μετατίθεται.

1932 1582 2105 1643 Αὐτὸ,-
2140 1582 2197 1637 δὲ
2248 1581 2454 1650 ὀφείλει
2483 1581 2673 1651 ἄρτιος
2705 1577 2862 1647 εἶναι,
2900 1581 2996 1634 καὶ
3027 1580 3299 1649 μηδέποτε
3346 1594 3519 1647 μετα-

251 1683 399 1729 recte
422 1674 681 1744 positum,
711 1687 811 1727 nec
836 1688 1074 1744 unquam
1133 1674 1188 1729 in
1250 1674 1337 1731 his
1402 1689 1523 1745 quae
1575 1676 1823 1729 continet
1931 1672 2225 1744 κινηθῆναι
2267 1674 2379 1728 τῶν
2416 1673 2475 1727 ὲν
2508 1672 2677 1743 αὺτῷ.
2721 1673 2813 1726 Διὸ
2848 1674 2944 1725 καὶ
2969 1671 3181 1733 εἰκόνες
3211 1669 3388 1737 άγιαι,
3420 1669 3518 1723 καὶ

253 1766 438 1821 subire
465 1767 840 1823 mutationem.
867 1767 997 1823 ideo
1026 1782 1197 1822 sacrm
1252 1768 1524 1839 imagines
1580 1782 1824 1837 vasaque

253 1872 409 1912 sacra
435 1859 718 1928 etreliqua
754 1874 876 1929 quae
905 1859 1028 1915 loco
1066 1859 1331 1914 dimoveri
1366 1867 1620 1930 possunt,
1678 1859 1825 1916 foras

253 1949 565 2019 exiguntur,
619 1959 767 2004 ntea
824 1965 943 2020 quae
1008 1961 1258 2006 constant
1298 1958 1353 2005 et
1403 1965 1508 2006 non
1562 1953 1824 2006 movenda

253 2047 384 2094 sunt
421 2040 474 2093 in
510 2039 630 2110 ipso
661 2040 1096 2095 sanctificentur.
1135 2037 1202 2093 Et
1247 2039 1326 2095 sic
1352 2036 1536 2109 januae
1566 2039 1828 2095 claudun·

253 2140 367 2184 tnr.
396 2128 606 2185 Coelnm
635 2130 783 2184 enim
806 2130 917 2199 jam
952 2128 1014 2184 nt
1045 2130 1324 2200 sanctique
1355 2131 1594 2200 Spiritus
1660 2130 1826 2186 adve-

254 2222 331 2274 nlt
361 2220 623 2290 potentia.
656 2220 782 2275 ldeo
811 2221 959 2275 solos
1007 2221 1100 2292 qui
1130 2220 1198 2276 de
1222 2220 1366 2277 coelo
1423 2231 1571 2289 sunt,
1633 2221 1686 2276 id
1717 2232 1822 2289 est,

252 2319 603 2367 consecratos
629 2319 840 2381 oportet
865 2310 1074 2375 adesse,
1098 2326 1197 2367 nec
1225 2311 1392 2368 ullum
1419 2311 1584 2368 alium
1608 2312 1777 2368 videri
1809 2329 1827 2371 ι

253 2413 439 2459 sancta
466 2418 702 2474 namque
725 2405 934 2461 sanctis
967 2416 1399 2473 consecrataqne
1431 2405 1632 2470 sacris,
1655 2406 1830 2462 donec

255 2495 524 2566 completa
558 2497 712 2561 sint;
770 2506 826 2548 et
856 2503 984 2550 tunc
1045 2510 1138 2565 per
1173 2495 1651 2567 participationem
1704 2495 1828 2551 aliis

256 2584 418 2639 etiam
449 2584 866 2653 permittuntur,
935 2599 1047 2639 non
1105 2593 1286 2638 tamen
1342 2586 1676 2648 immediate.
1731 2584 1826 2640 sed

255 2692 350 2742 per
383 2675 661 2745 complura
701 2676 894 2729 anlaea.
926 2674 1295 2745 Ingredientes
1322 2677 1466 2730 enim
1499 2690 1686 2749 postea
1710 2691 1830 2732 om-

256 2784 353 2823 nes
384 2767 508 2822 laici
561 2765 769 2829 fideles,
825 2774 879 2820 ct
923 2780 1047 2820 cum
1096 2767 1229 2834 ipsis
1270 2770 1613 2835 poenttentes,
1660 2784 1830 2825 unus-

256 2857 490 2926 quisque
557 2857 837 2927 proprium
870 2864 1103 2926 occupat
1131 2856 1330 2911 locum.
1360 2857 1611 2912 Attamen
1638 2872 1829 2914 omnes

253 2958 408 3004 cxtra
435 2949 810 3004 sanctuarium
838 2958 1145 3003 remanent.
1199 2947 1415 3005 Clausis
1456 2948 1639 3018 itaque
1696 2963 1825 3019 pro-

1931 1762 2103 1836 σκεύη
2138 1764 2283 1835 ἱερὰ,
2323 1765 2419 1819 καὶ
2444 1764 2609 1817 λοιπὰ
2635 1760 2821 1833 χώραν
2862 1761 3057 1831 ἔχοντα
3102 1756 3511 1831 μετατίθεσθαι,

1930 1858 2213 1927 ἐξάγονται
2245 1856 2371 1923 ἔξω,
2404 1857 2496 1911 ἴνα
2524 1856 2592 1910 τά
2620 1856 2831 1909 ἑστῶτα
2855 1851 2952 1908 καὶ
2984 1852 3246 1923 μέλλοντα
3276 1852 3513 1922 ἀκίνητα

1929 1947 2069 2004 εἶναι
2126 1953 2183 2003 ὲν
2235 1950 2386 2020 αὐτῷ
2440 1950 2809 2019 καθαγιασῠῇ.
2862 1948 2972 2000 Καὶ
3018 1946 3194 2006 οὕτως
3246 1945 3305 1997 αί
3342 1943 3512 1995 πύλαι

1931 2042 2221 2098 κλείονται.
2259 2041 2503 2112 Οὐρανὸς
2542 2041 2653 2113 γὰρ
2683 2038 2894 2108 γίνεται
2946 2038 3071 2110 ἤδη,
3105 2037 3203 2092 καὶ
3246 2035 3511 2106 Πνεῦμα-

1927 2152 2019 2199 τος
2054 2134 2212 2202 ἁγίου
2265 2133 2523 2202 ἐπιφοιτᾷ
2556 2130 2808 2200 δύναμις.
2843 2128 2937 2181 Διὸ
2980 2127 3086 2198 χρὴ
3141 2126 3342 2196 μόνους
3381 2124 3512 2186 τοῦς

1929 2224 2025 2279 τοῦ
2060 2222 2295 2294 οὐρανοῦ
2320 2216 2482 2286 εἶναι,
2508 2221 2637 2286 τοὺς
2668 2220 2999 2291 ίερωμὲνους
3027 2216 3251 2287 δηλαδὴ,
3276 2215 3374 2269 καὶ
3407 2232 3516 2285 μη-

1930 2318 2057 2371 δένα
2087 2315 2246 2370 ἄλλον
2291 2315 2446 2385 όρᾷν.
2495 2313 2577 2367 Τὰ
2612 2313 2723 2383 γὰρ
2773 2311 2901 2380 ἅγια
2930 2312 3043 2373 τοϊς
3076 2310 3277 2377 ἁγίοις,
3316 2308 3411 2362 καὶ
3441 2308 3512 2360 τὰ

1929 2398 2281 2480 άφιερωμὲνα
2334 2408 2448 2470 τοῖς
2499 2407 2689 2476 ἱεροῖς,
2729 2403 2834 2466 ἕως
2889 2402 3207 2467 τελεσθῶσι,
3242 2402 3339 2455 καὶ
3386 2400 3512 2454 τότε

1930 2500 2073 2553 κατὰ
2105 2497 2341 2568 μετοχὴν
2385 2497 2479 2551 καὶ
2506 2498 2616 2559 τοῖς
2648 2494 2831 2558 ἄλλοις
2864 2493 3162 2563 παρέχεται
3188 2508 3201 2523 ·
3237 2490 3377 2562 πλὴν
3407 2492 3512 2561 ἐμ·

1931 2590 2139 2661 μέσως,
2169 2589 2264 2642 καὶ
2294 2588 2396 2641 οὐκ
2425 2586 2673 2656 άμὲσως,
2712 2584 2809 2639 καὶ
2846 2584 2933 2637 διὰ
2984 2583 3513 2652 παραπετασμάτων

1930 2681 2114 2735 τινῶν.
2142 2679 2532 2750 Είσερχόμενοι
2565 2676 2674 2748 γὰρ
2700 2677 2838 2747 μετὰ
2866 2675 3037 2729 ταῦτα
3070 2676 3120 2728 oi
3149 2672 3337 2727 λαῖκοὶ
3370 2673 3515 2726 πάν-

1930 2793 2023 2841 τες
2048 2776 2257 2842 πιστοὶ,
2282 2776 2377 2828 καὶ
2405 2773 2504 2827 σὺν
2536 2773 2722 2837 αὐτοῖς
2750 2772 2799 2825 οί
2826 2767 3242 2841 μετανοοῦντες,
3277 2768 3511 2830 ἕκαστος

1932 2871 2022 2924 τὸν
2081 2870 2285 2923 οίκεῐον
2343 2866 2610 2937 λαμδάνει
2689 2866 2876 2919 τόπον.
2930 2864 3122 2933 Ὅμως
3190 2862 3250 2915 δὲ
3306 2861 3512 2924 πάντες

1933 2962 2091 3025 ἐκτός
2129 2962 2236 3014 είσι
2281 2957 2379 3012 τοῦ
2424 2958 2573 3026 ίεροῦ
2622 2957 2889 3029 βήματος.
2931 2954 3279 3024 Κλειομὲνων
3327 2954 3513 3006 τοίνυν

257 3051 442 3111 pterea
467 3038 678 3110 januis,
721 3040 885 3094 Deum
924 3039 1200 3096 benedicit
1260 3036 1550 3111 pontifex}
1592 3050 1647 3096 et
1681 3040 1825 3098 lacta
1853 3072 1900 3132 c
1931 3052 2041 3107 τῶν
2096 3050 2279 3124 θυρῶν
2324 3049 2411 3104 διὰ
2455 3048 2650 3112 ταῦτα,
2682 3048 2896 3115 εὐλογεῖ
2950 3046 3043 3100 τὸν
3082 3044 3217 3099 Θεδν
3260 3047 3290 3099 ό
3322 3046 3486 3115 ἁρχιε

253 3131 488 3202 'trisagii
504 3131 815 3202 precatione
835 3147 1046 3187 necnon
1065 3133 1309 3187 oratione
1332 3150 1352 3184 ι
1376 3132 1540 3188 Pater
1565 3144 1771 3200 noster,
1798 3152 1818 3185 »

253 3226 379 3291 post
425 3220 801 3276 recitationem
835 3228 889 3274 et
911 3219 1388 3290 glorificationem,
1449 3224 1601 3280 addit
1648 3226 1829 3294 ponti-

259 3312 345 3367 fex
373 3310 679 3366 orationem
723 3329 738 3366 ι
778 3331 796 3364 ι
834 3311 1066 3366 Domine
1092 3309 1236 3368 Dens
1271 3322 1480 3377 noster,
1509 3314 1602 3384 qui
1629 3326 1823 3371 cuncta

257 3397 414 3463 lacis,
444 3415 464 3448 ι
505 3398 682 3467 ipsum
711 3397 882 3455 Dium
934 3414 1170 3456 exorans
1232 3410 1292 3456 ut
1351 3402 1444 3456 fiat
1495 3403 1823 3474 principium

256 3488 460 3559 operis,
485 3497 538 3543 et
566 3487 671 3558 ipsi
701 3488 838 3544 ierat
867 3491 1203 3561 praesidinm.

812 3670 1039 3726 CAPUT
1101 3673 1232 3728 cvl.

393 3760 569 3827 Quare
601 3763 938 3817 ceromastice
968 3771 1019 3817 et
1044 3771 1284 3819 arontam
1320 3764 1657 3821 adhibentur.

319 3849 385 3907 Et
413 3862 694 3923 assumpto
724 3867 871 3922 vase,
903 3855 991 3910 ubi
1035 3863 1117 3910 est
1164 3859 1518 3913 ceromastice
1564 3874 1670 3915 una
1701 3874 1826 3915 cum

250 3943 608 4010 aroniatibu8‚
654 3946 834 4014 qualia
889 3949 1125 4015 myrrha,
1174 3947 1294 4003 aloe
1321 3956 1376 4004 et
1433 3959 1649 4019 caetera,
1705 3966 1827 4023 quae

252 4043 446 4090 cuncta
478 4036 809 4103 sepulturam
837 4038 1137 4093 Salvatoris
1163 4041 1419 4111 figurant,
1480 4043 1740 4114 quoniam
1775 4053 1829 4098 ct

254 4125 563 4195 sepulcrum
593 4142 1122 4202 monumentumque
1174 4147 1329 4188 sacra
1382 4148 1570 4189 mensa
1606 4135 1823 4205 figurat,

250 4217 398 4272 sicut
425 4225 479 4272 et
510 4233 637 4275 ret-a
694 4231 855 4290 atque
888 4224 1154 4278 mastiche
1208 4233 1465 4296 tanquam
1501 4223 1826 4296 glutinantia

255 4314 483 4378 propter
509 4310 893 4365 necessitatem
932 4310 1261 4370 adhibentur
1290 4324 1346 4371 et
1376 4325 1638 4387 tanquam
1689 4331 1794 4369 con
1813 4343 1826 4355 ·

1929 3144 2078 3217 ρεύς.
2111 3145 2221 3198 Καὶ
2257 3141 2571 3214 προσευχῆς
2613 3141 2909 3212 γινομένης
2935 3138 3030 3192 τοῦ
3058 3137 3390 3210 Τρισαγίου,
3417 3139 3514 3192 καὶ

1928 3238 2044 3306 τοῦ,
2097 3236 2290 3308 Πάτερ
2335 3236 2527 3307 ἡμῶν,
2563 3235 2702 3307 μετὰ
2752 3233 2814 3288 τὸ
2852 3232 3169 3304 ἕκφωνῆσαι
3214 3234 3308 3287 καὶ
3352 3233 3511 3298 δοξά-

1931 3347 2042 3394 σαι,
2091 3329 2258 3400 εὐχὴν
2299 3328 2541 3396 ἐπιλέγει
2595 3329 2624 3380 ὀ
2670 3325 2981 3397 ἀρχιερεὺς,
3024 3341 3044 3375 ι
3083 3324 3259 3391 Κύριε
3311 3324 3341 3377 ό
3376 3322 3513 3385 Θεὸς

1928 3417 2087 3488 ἡμῶν
2114 3420 2142 3471 ὁ
2174 3418 2351 3472 πάντα
2381 3418 2581 3472 ποιῶν·
2623 3435 2643 3468 ι
2684 3415 2939 3485 δεόμενος
2993 3414 3161 3469 αὐτὸν
3226 3414 3319 3467 τὸν
3365 3411 3504 3467 Θεὶιν

1926 3507 2180 3578 γενέσθαι
2246 3508 2424 3579 ἀρχὴν
2491 3507 2586 3562 τοῦ
2645 3508 2807 3578 ἔργου
2869 3506 2961 3560 καὶ
3023 3503 3512 3559 συναντιλαὸέσθαι

1928 3601 2099 3672 αὐτῷ.
2351 3590 2356 3595 ’

2506 3692 2760 3746 ΚΕΦΑΛ.
2794 3689 2930 3760 PG'.

2131 3783 2295 3838 Διατί
2321 3787 2748 3854 κηρωμαστίχη
2777 3800 2842 3837 τε
2870 3783 2970 3838 καί
2998 3781 3298 3852 ἀρώματα.

2000 3875 2111 3929 Καὶ
2147 3872 2439 3944 λαδόμενος
2484 3872 2578 3926 τοῦ
2610 3873 2851 3943 ἀγγείου,
2881 3872 3009 3942 ἔνθα
3039 3876 3073 3942 ὴ
3104 3877 3500 3944 κηρωμαστίχη

1932 3969 2071 4038 μετὰ
2124 3964 2235 4019 τῶν
2290 3964 2599 4034 ἀρωμάτων
2642 3966 2814 4028 ἐστὶν,
2859 3959 2971 4017 οἷον
3018 3964 3270 4035 σμύρνης
3309 3981 3371 4018 τε
3411 3966 3502 4018 καὶ

1930 4057 2117 4124 ᾰλώης
2146 4055 2243 4109 καὶ
2272 4055 2381 4109 τῶν
2414 4055 2638 4122 λοιπῶν,
2668 4055 2706 4110 ἃ.
2735 4055 2912 4110 πάντα
2940 4055 3040 4124 τὴν
3074 4057 3256 4124 ταφὴν
3300 4057 3506 4107 εἰκονί-

1927 4146 2082 4212 ζουσι
2119 4145 2216 4199 τοῦ
2251 4145 2523 4215 Σωτῆρος,
2552 4145 2635 4198 ὃτι
2664 4147 2757 4199 καὶ
2785 4146 2875 4196 τὸν
2894 4146 3066 4210 τάφον
3095 4144 3192 4196 καὶ
3219 4145 3281 4197 τὸ
3313 4146 3507 4216 μνῆμα

1927 4240 1963 4310 η
1987 4235 2111 4309 ἱερά
2144 4233 2400 4299 είκονίζει
2429 4233 2701 4309 τράπεζα,
2731 4234 2803 4297 ὥς
2837 4233 2930 4288 καὶ
2954 4235 2983 4287 ό
3006 4235 3179 4305 κηρὸς
3211 4236 3308 4289 καὶ
3330 4239 3368 4308 ἡ
3406 4254 3511 4307 μα-

1933 4327 2091 4399 στίχη
2123 4324 2218 4378 καὶ
2245 4325 2319 4389 ὡς
2355 4322 2648 4393 κολλητικὰ
2696 4325 2785 4378 διὰ
2834 4324 2931 4394 τὴν
2959 4324 3153 4395 χρείαν
3194 4328 3508 4398 εἰσάγεται,

254 4400 497 4470 inactiva
521 4401 974 4468 connectivaque‚
1036 4411 1252 4470 propter
1296 4404 1500 4461 Christi
1554 4418 1728 4473 usque
1756 4406 1822 4460 ad
1857 4413 1902 4468 ι)
1931 4417 2029 4472 καὶ
2060 4417 2135 4480 ὡς
2160 4415 2398 4470 emax&
2423 4415 2479 4468 δὲ
2506 4416 2599 4469 καὶ
2625 4416 2935 4479 unvamma,
2964 4416 3053 4470 διὰ
3084 4419 3187 4488 τὴν
3224 4418 3322 4473 τοῦ
3366 4421 3507 4491 Χρι-

268 4498 495 4543 mortem
520 4502 650 4556 erga
709 4500 811 4541 nos
863 4487 1208 4543 dilectionem
1261 4500 1314 4544 ct
1371 4491 1650 4556 unionem.
1703 4493 1818 4547 haec

251 4576 911 4645 itrl'unditin2columnas,
966 4580 1052 4634 vel
1114 4579 1444 4646 columnam,
1501 4582 1586 4637 vel
1642 4584 1815 4639 hasim

253 4669 492 4741 propriis
528 4668 800 4734 manibus,
833 4668 928 4726 Dei
971 4670 1283 4740 significans
1329 4687 1491 4743 opns,
1518 4674 1724 4729 addens
1757 4684 1818 4731 ut

256 4762 311 4815 in
342 4758 667 4830 baptismate
691 4761 1011 4828 caeterisque
1035 4763 1413 4826 sacramentis,
1447 4781 1465 4814 ι
1506 4761 1564 4817 ln
1595 4767 1830 4821 nomine.

251 4848 450 4911 Patris,
499 4859 555 4904 et
593 4848 818 4914 Filii,et
869 4850 1108 4920 Spiritus
1155 4853 1371 4918 sancti;
1406 4871 1426 4904 »
1484 4855 1812 4924 principium

248 4941 395 4996 enim
435 4951 490 4998 et
522 4943 646 4999 linis
679 4945 963 5002 estomnis
1010 4945 1135 5000 boni
1188 4944 1448 5002 Trinitas.
1509 4948 1572 5003 Et
1631 4965 1662 5004 a
1711 4951 1814 5005 mi-

249 5031 442 5089 nistris
489 5033 670 5089 infusa
710 5033 943 5103 plurima
1000 5037 1360 5092 ceromastice
1424 5038 1814 5110 paululumque

250 5118 589 5191 refrigerata,
650 5130 902 5180 cantores
954 5124 1173 5194 quidem
1242 5137 1444 5182 canunt
1478 5131 1745 5198 psalmum
1793 5149 1809 5185 ι

251 5229 272 5263 ι
301 5210 563 5267 Exaltaho
589 5221 663 5279 te,
683 5212 821 5269 Deus
850 5230 1066 5282 meus;»
1093 5223 1146 5271 et
1167 5216 1311 5272 hunc
1338 5237 1383 5271 ει
1422 5220 1678 5276 Dominus
1714 5236 1810 5292 pa·

250 5305 357 5360 scit.
377 5319 483 5373 me,
517 5324 535 5358 ι
576 5307 628 5359 in
662 5305 888 5376 gloriam
917 5308 1033 5362 Dei.
1053 5293 1303 5365 Pontifex
1327 5320 1508 5365 autem
1538 5313 1809 5370 auxilian-

255 5397 402 5452 tibus
425 5397 528 5452 sibi
559 5399 921 5467 praesentihus
974 5400 1245 5471 episcopis
1267 5413 1321 5459 et
1350 5406 1730 5463 sacerdotibus
1756 5417 1810 5463 et

249 5489 483 5551 caeteris.
548 5490 717 5542 sumit
770 5503 1011 5544 mensam
1087 5502 1141 5546 et
1189 5509 1352 5564 snper
1412 5496 1570 5554 bases
1624 5499 1804 5568 ponit,

251 5580 475 5632 firmans
506 5593 623 5632 eam
654 5590 816 5648 atque
838 5581 1142 5639 stabiliens.
1177 5583 1242 5638 Et
1291 5596 1476 5656 postea
1536 5590 1809 5647 benedicit

252 5667 441 5722 Deum.
468 5667 689 5739 Oportet
717 5674 861 5728 enim
895 5675 1045 5730 illum
1079 5675 1402 5736 benedicere
1435 5696 1597 5752 super
1629 5686 1804 5739 omni-

1923 4506 2050 4562 στοῦ
2098 4506 2227 4576 ἄχρι
2258 4505 2350 4560 καὶ
2381 4505 2611 4560 θανάτου
2642 4506 2781 4578 πρὸς
2805 4508 2953 4576 ημᾶς
2986 4507 3211 4578 ἀγάπην
3239 4511 3336 4562 καὶ
3368 4513 3505 4564 ἒνω·

1922 4612 2029 4660 σιν,
2059 4595 2240 4667 ἐκχέει
2268 4592 2441 4648 ταῦτα
2469 4597 2579 4658 τοῖς
2604 4594 2799 4659 κίοσιν,
2824 4596 2860 4663 ἢ
2883 4595 2960 4666 τῷ
2986 4597 3147 4663 κίονι,
3168 4598 3203 4669 ἢ
3226 4599 3303 4669 τῷ
3328 4600 3500 4671 βωμῷ

1920 4685 2154 4746 οἰκείαις
2182 4687 2364 4757 χερσὶ,
2395 4686 2457 4744 τὸ
2505 4685 2667 4755 ἔργον
2700 4685 2877 4755 δηλῶν
2913 4687 3006 4741 τοῦ
3038 4688 3201 4754 Θεοῦ,
3223 4692 3497 4762 ἐπιλέγων

1918 4777 1993 4836 ὡς
2028 4775 2123 4830 ἐπὶ
2172 4776 2266 4829 τοῦ
2320 4776 2699 4846 βαπτίσματος
2744 4778 2839 4831 καὶ
2883 4778 2992 4832 τῶν
3022 4779 3200 4834 ἄλλων
3233 4783 3488 4846 τελετῶν,

1924 4885 1944 4916 ι
1985 4867 2077 4930 Et<
2109 4867 2168 4920 τὸ
2214 4867 2388 4937 ὄνομα
2434 4866 2525 4919 τοῦ
2568 4867 2801 4937 Πατρός,
2827 4869 2917 4921 καὶ
2952 4869 3047 4922 τοῦ
3075 4869 3229 4938 Υίοῦ,
3267 4873 3359 4925 καὶ
3388 4873 3481 4925 τοῦ

1917 4958 2074 5026 ἁγίου
2131 4955 2468 5026 Πνεῦματος.
2506 4975 2526 5008 ι
2585 4956 2753 5028 Ἀρχὴ
2803 4957 2913 5026 γὰρ
2958 4960 3053 5012 καὶ
3090 4959 3243 5025 τέλος
3280 4963 3481 5025 παντὸς

1916 5048 2124 5115 ἀγαθοῦ
2159 5050 2193 5119 ἡ
2224 5048 2413 5119 Τριάς.
2447 5048 2558 5102 Καὶ
2589 5049 2692 5102 ὑπὸ
2717 5049 2824 5103 τῶν
2853 5050 3146 5120 ὑπηρετῶν
3175 5053 3271 5123 τῆς
3302 5053 3490 5106 πλείοὲ

1914 5153 2004 5200 νος
2024 5135 2356 5206 ἐκχεομένης
2373 5154 2442 5206 κη
2452 5138 2817 5208 ρωμαστίχης,
2831 5136 2927 5192 καὶ
2949 5140 3148 5211 μικρὸν
3161 5141 3490 5213 ψυχρανθεί-

1916 5244 2036 5297 σης,
2060 5228 2110 5279 oi
2136 5227 2333 5296 ψάλται
2363 5229 2463 5298 μὲν
2486 5229 2748 5298 ψάλλουσι
2794 5230 3034 5301 ψαλμὸν,
3067 5233 3150 5301 τὸ,
3190 5253 3211 5287 ι
3256 5234 3489 5306 ’Υψῶσω

1915 5335 2000 5384 σε,
2024 5322 2052 5373 ὁ
2088 5318 2222 5375 Θεόε
2272 5337 2395 5390 μου,
2427 5338 2447 5371 »
2485 5320 2675 5384 καὶτὸ,
2713 5340 2734 5374 ι
2773 5321 2974 5393 Κύριος
3006 5327 3290 5396 ποιμαίνει
3326 5346 3421 5394 με,
3460 5349 3483 5383 ι

1912 5412 1991 5474 είς
2021 5409 2330 5478 δοξολογίαν
2368 5411 2525 5465 Θεοῦ.
2574 5411 2633 5466 'O
2680 5415 2970 5485 ἀρχιερεὺς
3005 5417 3085 5481 δὲ,
3116 5421 3488 5492 συναντιλαμ-

1911 5501 2225 5570 ὄανομένων
2278 5501 2429 5570 αὐτῷ
2473 5505 2565 5556 καὶ
2596 5504 2706 5558 τῶν
2734 5509 3135 5576 συμπαρόντων
3167 5512 3488 5568 ἐπισκόπων

1910 5597 2007 5649 καὶ
2039 5594 2229 5664 ἱερέων
2255 5594 2347 5647 καὶ
2376 5596 2597 5662 λοιπῶν,
2629 5599 2893 5669 λαμόάνει
2923 5600 3022 5671 τὴν
3046 5603 3351 5672 τράπεζαν,
3390 5608 3484 5660 καὶ

1909 5686 2123 5757 τίθησιν
2180 5685 2272 5737 ἐπ”.
2317 5686 2425 5741 τῶν
2462 5687 2677 5757 κιόνων,
2705 5688 3143 5762 ἀσφαλιζόμενος
3171 5694 3347 5764 αὐτὴν
3380 5697 3478 5751 καὶ
