3784 6125
342 294 410 363 15
1188 300 1492 362 SYMEON
1531 298 2291 363 THESSALONICENSIS
2332 299 2691 361 ARCHIEP.
3510 292 3577 356 16

343 410 527 478 batur,
587 409 848 471 similium
904 409 1171 463 malorum
1231 425 1354 464 eum
1391 409 1710 481 participem
1762 409 1905 466 fleri.
1938 417 1985 472 Α
2012 411 2148 467 ῖσων
2173 412 2309 482 ἡμῖν
2330 426 2347 443 ·
2371 409 2631 479 ἀνόμοιος
2654 410 2765 478 γὰρ
2795 400 2863 477 ἦν
2889 407 3000 470 τοῖς
3024 404 3204 466 ἄλλοις
3233 404 3263 456 ό
3289 401 3401 471 βίος
3427 401 3576 455 ἐκεί-

342 500 467 559 Vita
495 504 761 573 siquidem
804 502 951 558 iliius
989 515 1097 556 non
1152 509 1271 556 erat
1313 503 1438 556 aliis
1481 501 1703 568 similis,
1731 511 1786 558 et
1816 517 1907 557 se·

343 596 491 651 mitae
517 594 765 661 diversa,
800 604 858 649 nt
882 607 1006 648 cum
1055 590 1347 647 Salomone
1397 594 1613 663 loquar.
1640 591 1753 648 Nos
1778 608 1906 648 vero

343 687 692 757 improbitate
723 686 883 756 piane
919 684 1128 756 repleti,
1167 686 1220 740 in
1268 683 1698 755 cagitationibus
1722 683 1905 740 cordis

341 778 514 832 nostri
545 776 766 847 pessimi
811 775 1179 840 ambulantes,
1220 783 1281 828 ut
1332 773 1597 830 ieremias
1628 774 1822 845 inquit,
1850 782 1907 828 et

342 870 565 939 perinde
611 877 775 938 atque
823 868 1081 939 antiquus
1131 866 1318 933 lsrael,
1380 878 1804 933 murmurantes,
1840 881 1873 921 u

342 957 502 1013 nobis
557 958 861 1023 allubescit,
924 957 1089 1013 rebus
1141 972 1250 1012 non
1312 956 1731 1013 succedentibus
1780 958 1907 1028 jure

342 1049 542 1105 merito
574 1049 734 1114 mala,
791 1058 847 1104 et
900 1047 1074 1104 solida
1107 1048 1420 1104 calamitate
1478 1057 1805 1113 mactamur,
1847 1058 1905 1105 et

342 1140 435 1195 tali
485 1138 603 1194 viro
654 1138 933 1206 orbamur,
986 1137 1080 1209 qui
1129 1137 1281 1195 solus
1332 1136 1702 1194 afflictissimis
1752 1138 1907 1194 bisce

344 1231 686 1300 temporibus
727 1238 783 1285 et
831 1229 888 1283 in
942 1230 1109 1285 tantis
1143 1242 1330 1285 rerum
1376 1228 1791 1284 discriminibus
1813 1243 1897 1285 so·

343 1322 532 1377 latium
561 1328 923 1376 remanserat.
961 1318 1163 1375 Omnes
1203 1317 1473 1390 siquidem
1516 1333 1669 1385 eum,
1711 1319 1790 1375 uti
1819 1319 1904 1372 vi·

344 1412 507 1469 talem
578 1411 634 1466 in
686 1410 844 1466 nobis
908 1398 1224 1465 facultatem
1285 1409 1696 1479 reputabamus,
1758 1409 1906 1464 itlius

342 1516 575 1562 mortem
630 1504 1012 1561 tautummodo
1081 1501 1417 1559 ducebamus
1471 1504 1736 1559 adversus
1800 1516 1905 1558 nos

338 1596 660 1669 justissima}
696 1594 952 1651 Numinis
982 1594 1284 1665 punitionis
1331 1594 1636 1650 exordium.
1670 1593 1784 1649 Hoc
1809 1608 1906 1650 eos

2010 519 2127 567 νου,
2151 503 2250 556 καὶ
2288 500 2686 572 ἐξηλλαγμέναι
2726 500 2781 551 αί
2815 497 3011 569 τρίόοι,
3032 497 3094 548 τὸ
3130 492 3576 562 Σολομῶντοςεῖ-

2009 596 2129 648 πεῖν
2148 609 2164 625 ·
2199 594 2355 663 ἡμεῖς
2374 592 2437 645 δὲ
2467 592 2668 654 κακίας
2690 590 2954 659 γέμοντες
2985 588 3122 651 ὅλως
3146 586 3242 638 καί
3264 585 3444 639 ὀπίσω
3463 584 3576 637 τῶν

2008 682 2410 753 ἐνθυμημάτων
2472 684 2571 753 τῆς
2634 680 2859 751 καρδίας
2912 677 3074 749 ἡμῶν
3136 676 3238 746 τῆς
3304 675 3571 745 πονηρᾶς.

2007 775 2180 829 Τοῦτο
2210 775 2276 845 δὴ
2304 775 2366 827 τδ
2404 773 2500 828 τοῦ
2545 773 2840 843 Ἰερεμίου,
2872 771 3230 841 πορευόμενοι
3252 784 3265 801 ·
3298 768 3393 822 καὶ
3430 766 3577 821 κατά

2005 869 2098 924 τὸν
2121 867 2290 922 πάλαι
2314 865 2624 936 γογγυσταί
2643 865 3001 934 τυγχάνοντες
3042 859 3284 931 Ἰσραὴλ,
3307 858 3454 913 κατά
3474 859 3575 928 τὴν

2004 960 2281 1030 ἡμετέραν
2333 956 2636 1028 ἐπιθυμίαν
2688 954 2989 1010 ἀπολαύειν
3019 955 3174 1017 ὅπως
3203 954 3306 1008 ούκ
3375 952 3577 1021 ἔχομεν

2005 1052 2117 1107 τῶν
2150 1052 2519 1121 πραγμάτων,
2542 1047 2768 1109 δικαίως
2804 1048 2949 1101 οῦτω
2983 1045 3350 1117 πεπράγαμεν
3384 1045 3577 1097 δυστυ·

2007 1145 2262 1215 χέστατα,
2292 1142 2386 1195 καὶ
2418 1140 2612 1194 τούτου
2642 1138 2867 1210 τάνδρὸς
2905 1136 3269 1209 ἐστερήμεθα,
3298 1137 3460 1202 μόνου
3480 1150 3577 1220 '⁸‘ss

2010 1231 2377 1304 ριλειφθέντος
2402 1232 2461 1285 ἐν
2484 1230 2743 1295 τοιούτοις
2765 1231 2977 1301 καιροῖς
3015 1228 3111 1284 καὶ
3135 1227 3407 1291 τοσούτοις
3424 1229 3578 1281 ἀνια-

2008 1325 2120 1392 ροῖς
2146 1322 2517 1394 παραμύθιον.
2547 1321 2755 1385 Πάντες
2802 1320 2913 1392 γὰρ
2943 1318 3136 1389 ῶσπερ
3180 1316 3303 1372 τινά
3345 1317 3576 1385 δύναμιν

2008 1413 2249 1486 ζωτικὴν
2277 1416 2336 1468 ἐν
2360 1415 2493 1483 ἡμῖν
2525 1412 2848 1484 ἐνομίζομεν
2894 1410 3106 1491 τοῦτον,
3136 1413 3231 1465 καὶΙ
3255 1407 3358 1480 τὴν
3383 1408 3577 1463 τελευ·

2005 1504 2107 1577 τὴν
2138 1506 2351 1560 ἐκείνου
2385 1504 2555 1574 μηδὲν
2583 1501 2714 1558 ἀλλο
2746 1502 2990 1573 νομίζειν
3024 1503 3264 1570 εἴχομεν,
3293 1499 3327 1571 ἢ
3359 1502 3457 1567 τῆς
3488 1497 3574 1565 ἐφ’

2003 1595 2156 1664 ἡμᾶς
2209 1593 2302 1646 τοῦ
2363 1590 2499 1645 Θεοῦ
2532 1591 2878 1662 δικαιοτάτης
2924 1590 3172 1653 παιδείας
3221 1583 3335 1643 οἷον
3389 1587 3576 1658 προοί-

343 1688 622 1757 redarguit
660 1686 1025 1757 apertissime,
1091 1685 1186 1757 qui
1241 1684 1464 1756 indigna
1521 1686 1665 1740 dicta
1696 1685 1750 1740 in
1778 1699 1902 1740 eum
1938 1733 1984 1794 B
2013 1701 2153 1756 μιον.
2184 1683 2357 1738 Τοῦτο
2391 1682 2515 1737 τῶν
2565 1685 2850 1738 κατειπεῖν
2885 1682 3176 1755 ᾑρημένων
3220 1682 3431 1735 ἐκείνου
3480 1698 3578 1733 σα-

344 1780 600 1851 ingerunt
645 1785 702 1834 et
746 1775 974 1832 infamia
1027 1785 1278 1843 onerant,
1347 1775 1491 1845 quod
1542 1775 1905 1845 proditionem
2014 1775 2282 1845 ιρέστατος
2332 1773 2576 1844 ἐλεγχος,
2625 1775 2721 1827 καὶ
2769 1773 2897 1837 τοὺς
2943 1774 3159 1828 ἀδικίαν
3207 1770 3330 1825 κατ’
3363 1771 3577 1824 ἐκείνου

343 1887 457 1927 non
488 1870 738 1936 suaserit,
772 1879 827 1924 et
853 1868 999 1938 quod
1043 1882 1136 1922 eos
1171 1866 1411 1938 propriis
1457 1866 1700 1922 consiliis
1741 1866 1908 1923 altius

345 1963 624 2036 quidpiam
676 1959 1003 2015 meditantes
1061 1959 1115 2013 in
1168 1974 1254 2023 se,
1318 1959 1655 2029 represserit.
1701 1958 1911 2028 Opinor

343 2055 598 2125 equidem
634 2066 756 2123 ego,
788 2065 912 2107 cum
945 2050 1106 2105 vellet
1139 2047 1301 2114 Deus,
1352 2059 1412 2103 ut
1455 2040 1707 2103 omnibus
1745 2049 1907 2103 inno·

345 2155 599 2206 tesceret,
633 2141 757 2212 quis
791 2141 876 2196 vir
917 2139 1008 2195 ille
1051 2153 1207 2195 sacer
1258 2145 1403 2193 esset
1435 2147 1492 2192 et
1537 2153 1771 2208 quorum
1818 2139 1909 2195 di—

345 2252 506 2309 guus,
539 2235 634 2306 qui
666 2247 796 2289 vero
837 2246 942 2287 nos
987 2241 1039 2287 et
1071 2230 1270 2301 quibus
1309 2228 1487 2299 poeuis
1515 2231 1758 2298 obnoxii,
1786 2230 1910 2301 qui-

348 2328 452 2381 bus
501 2323 740 2380 miseriis
797 2322 946 2393 iuste
1015 2319 1389 2385 excruciandi,
1464 2319 1516 2374 id
1550 2330 1769 2389 propter
1819 2334 1909 2377 res

347 2416 650 2485 utriusque,
696 2414 749 2468 in
797 2427 911 2467 rem
939 2412 1159 2481 utrique
1193 2410 1550 2479 disposuisse.
1583 2411 1770 2480 itaque
1799 2420 1907 2466 tam

344 2507 468 2562 diro
499 2504 663 2570 mato,
696 2502 846 2557 obitu
874 2515 1067 2569 nempe
1096 2500 1243 2556 illius
1282 2500 1496 2556 adnexo
1547 2509 1605 2556 et
1648 2501 1909 2557 omnibus

346 2597 403 2650 in
446 2593 666 2648 civitate
721 2590 877 2656 viris,
931 2588 1275 2655 mulieribus,
1324 2587 1911 2659 pueris,Latiuis,Ju-

346 2685 482 2742 daeis
515 2698 731 2756 quoque
777 2681 913 2753 ipsis
942 2681 1314 2748 miserandum
1342 2681 1400 2738 in
1429 2682 1652 2737 modum
1702 2698 1911 2738 scruto·

346 2791 447 2832 nes
483 2775 910 2839 conferentibus,
939 2783 996 2828 et
1043 2772 1251 2844 reliqua
1285 2772 1488 2837 omnia.
1525 2789 1648 2845 quae
1667 2788 1764 2852 eos
1792 2784 1907 2829 tum

351 2866 688 2938 affligebant,
719 2881 750 2920 e
776 2863 1039 2920 memoria
1069 2865 1486 2935 deponentibus,
1516 2868 1755 2938 pastoris
1788 2875 1911 2922 tan-

347 2969 462 3013 tum
499 2957 859 3028 privationem
893 2955 948 3010 in
981 2964 1217 3014 mentem
1249 2957 1631 3015 revocantibus
1667 2967 1723 3015 et
1764 2972 1910 3029 saepe

347 3049 548 3122 saepius
584 3047 1006 3121 proferentibus,
1052 3049 1559 3123 asserentibusque,
1585 3060 1644 3107 ut
1669 3051 1783 3122 Jam
1826 3057 1907 3107 iu-

356 3146 479 3209 uui,
519 3152 574 3198 et
605 3158 714 3198 non
768 3151 973 3196 temet-e
1017 3140 1390 3209 credentibus,
1456 3143 1718 3199 indicium
1773 3143 1907 3200 iilud

349 3251 468 3294 esse
490 3246 559 3291 er
577 3233 774 3289 divinae
797 3232 1097 3303 punitionis
1124 3241 1178 3289 ct
1204 3233 1475 3290 subsecuti
1503 3233 1721 3299 excidii,
1752 3245 1907 3290 etc...

351 3330 459 3386 Sed
484 3342 610 3384 cunt
663 3325 771 3380 buc
825 3324 1192 3396 pervenerim,
1217 3324 1407 3394 paucis
1432 3322 1769 3395 compellabo
1808 3324 1910 3380 bu-

344 3421 459 3492 ius,
499 3417 798 3475 alteriusve
829 3415 1264 3472 insimulatores.
1305 3413 1542 3472 Ubinam
1585 3417 1757 3473 eratis
1789 3431 1907 3486 vos,

347 3526 472 3568 cum
506 3511 622 3565 baee
654 3505 893 3563 Murates
922 3505 1184 3563 offerret?
1220 3504 1412 3563 Nonne
1452 3506 1509 3561 in
1546 3506 1704 3573 urbe,
1730 3516 1786 3564 et
1817 3521 1911 3563 ve-

349 3604 481 3660 stris
508 3616 571 3658 ea
597 3599 834 3656 auribus⁴
852 3599 1195 3669 usurpastis!
1221 3597 1340 3665 Qua
1365 3597 1527 3670 igitur
1550 3600 1766 3655 ratione
1810 3613 1908 3655 co·

349 3695 532 3766 gitatis
561 3693 645 3750 usi
693 3707 799 3747 nou
841 3690 1014 3747 estis?
1041 3689 1219 3757 Quare
1249 3688 1319 3746 de
1352 3690 1551 3760 quibus
1581 3690 1720 3745 alios
1749 3690 1907 3746 incu-

351 3789 510 3852 satis,
558 3785 700 3856 quod
757 3798 865 3839 non
917 3781 1165 3847 feceriut,
1196 3795 1294 3838 vos
1327 3781 1430 3852 ipsi
1457 3782 1748 3837 occasione
1787 3797 1911 3852 pre·

350 3884 533 3932 mente
574 3881 634 3929 ct
671 3872 824 3928 nullo
871 3869 1202 3941 impediente
1255 3884 1364 3925 non
1399 3869 1742 3939 perfecistis?
1769 3868 1909 3926 Tum

347 3969 493 4022 enim
543 3963 730 4019 nultus
757 3973 942 4032 pastor
971 3970 1108 4017 erat.
1145 3960 1390 4033 Namque
1411 3971 1539 4018 ante
1564 3977 1661 4019 sex
1691 3978 1909 4020 menses

349 4059 491 4122 inter
518 4057 670 4112 vivos
709 4068 834 4111 esse
881 4053 1120 4109 desierat
1150 4069 1167 4109 ι
1198 4068 1380 4126 neque
1423 4043 1556 4110 dt‘rae
1598 4063 1778 4121 erant,
1809 4069 1909 4111 nec

349 4151 479 4213 alia,
507 4162 630 4217 quae
654 4159 755 4202 vos
807 4148 1104 4202 recensetis
1149 4153 1204 4201 et
1234 4160 1330 4214 per
1361 4145 1557 4216 digitos
1587 4157 1782 4202 exacte
1807 4161 1909 4202 nu-

351 4238 596 4295 meratis.
624 4233 765 4302 Quid
798 4233 964 4305 igitur
1013 4235 1169 4293 vobis
1225 4235 1609 4303 impedimento
1639 4237 1784 4283 tuter
1813 4238 1910 4284 aut

350 4328 512 4399 cujus
543 4339 685 4393 opus
720 4325 984 4378 eventus?
1008 4323 1246 4378 Nullius.
1266 4317 1499 4384 quilibet
1528 4321 1907 4387 respondebit,

2007 1864 2327 1930 λαλοῦντας,
2358 1865 2441 1919 ὅτι
2480 1864 2557 1936 μὴ
2604 1864 2895 1935 προδ·,σίαν
2940 1863 3262 1934 ἐσκέψαντο,
3297 1862 3435 1934 μηδὲ
3465 1861 3576 1914 τῶν

2009 1956 2164 2025 σφίσι
2194 1955 2497 2011 δοκούντων
2543 1958 2820 2019 συνιέντας
2856 1955 3153 2026 βαθύτερον
3183 1954 3409 2016 ἐνδίκως
3452 1954 3577 2007 ἐπι-

2009 2047 2257 2117 στομίζει
2276 2060 2292 2076 ·
2331 2041 2487 2116 οἶμαι
2517 2049 2627 2119 γάρ
2653 2047 2784 2116 ἐγὼ,
2834 2047 3007 2114 δεῖξαι
3048 2045 3328 2117 βουληθεὶς
3355 2046 3385 2099 δ
3417 2044 3576 2109 Θεὸς.

2007 2132 2119 2202 οἶος
2163 2139 2263 2210 μέν
2285 2140 2315 2192 ό
2342 2139 2486 2209 ίερδς
2521 2140 2727 2203 ἐκεῖνος
2759 2138 2920 2210 ἀνὴρ,
2956 2140 3050 2194 καὶ
3083 2139 3246 2193 τίνων
3294 2139 3446 2205 άξιος
3484 2133 3576 2208 ἦν,

2008 2224 2112 2283 οἷοι
2137 2230 2185 2286 δ’
2206 2232 2390 2301 ἡμεῖς,
2412 2231 2510 2285 καὶ
2561 2230 2719 2294 τίνας
2749 2231 3157 2303 είσπραχθῆναι
3189 2231 3343 2294 δίκας
3372 2231 3577 2284 δίκαιοι

2006 2317 2171 2393 ἦμεν,
2196 2321 2285 2375 διά
2315 2321 2472 2376 τοῦτο
2498 2322 2567 2375 τὰ
2593 2321 2721 2377 καθ’
2743 2323 3005 2394 ἐκάτερον
3041 2326 3206 2394 μέρος
3236 2323 3406 2385 οὕτως
3440 2321 3580 2393 ᾠκτ·

2007 2412 2213 2483 νόμησε
2238 2413 2647 2484 συμφερόντως.
2664 2414 2868 2468 Τούτου
2897 2409 2991 2467 οῦν
3014 2414 3107 2467 τοῦ
3142 2413 3342 2481 δεινοῦ,
3362 2415 3460 2481 τῆς
3486 2429 3579 2467 τε·

2008 2504 2202 2575 λευτῆς
2253 2504 2464 2558 ἐκείνου
2515 2509 2684 2576 φημὶ,
2712 2505 3170 2576 προστεθειμένου
3212 2509 3324 2569 τοῖς
3368 2506 3572 2566 ἀλλοις,

2009 2594 2103 2649 καὶ
2123 2594 2342 2649 πάντων
2362 2594 2471 2650 τῶν
2500 2596 2558 2649 ἐν
2585 2597 2651 2668 τῇ
2686 2595 2841 2650 πόλει
2869 2596 3101 2668 ἀνδρῶν,
3123 2596 3417 2666 γυναικῶν,
3449 2597 3579 2650 παί-

2007 2684 2135 2750 δων,
2163 2677 2407 2739 Λατίνων
2434 2700 2495 2738 τε
2523 2684 2618 2738 καὶ
2646 2684 2826 2739 αὐτῶν
2862 2685 3129 2739 Ἰουδαίων
3156 2686 3401 2748 ἐλεεινῶς
3434 2687 3575 2756 πρὸς

2007 2773 2270 2845 ἀλλήλους
2296 2774 2702 2846 διομιλούντων,
2730 2777 2823 2831 καὶ
2856 2776 2926 2832 τά
2955 2779 3056 2847 μὲν
3081 2776 3197 2832 ἀλλ’
3217 2778 3316 2831 ὅσα
3348 2778 3574 2843 τούτους

2006 2865 2195 2930 ἐπίεζε
2229 2865 2472 2936 δηλονότι
2518 2869 2585 2937 τῇ
2622 2866 2762 2942 λήθῃ
2810 2869 3321 2940 παραπεμπόντων,
3346 2868 3446 2939 τὴν
3477 2869 3576 2923 τοῦ

2008 2958 2271 3027 ποιμένος
2299 2955 2359 3009 δέ
2406 2958 2666 3030 στέρησιν
2716 2958 2809 3011 ἐπὶ
2848 2959 2975 3014 νοῦν
3020 2959 3429 3027 λαμδανόντων,
3477 2962 3579 3014 καὶ

2012 3045 2251 3118 συνεχῶς
2300 3049 2709 3120 προφερόντων,
2733 3050 2834 3121 τῆς
2879 3050 2975 3105 τοῦ
3009 3050 3144 3108 Θεοῦ
3187 3070 3247 3107 τε
3298 3052 3575 3119 παιδείας,

2008 3140 2083 3205 ὡς
2140 3139 2414 3212 προύφην,
2461 3141 2558 3195 καὶ
2600 3141 2699 3213 τῆς
2742 3142 3118 3214 γεγενημένης
3157 3142 3433 3210 ἀλώσεως,
3476 3146 3579 3198 καὶ

2008 3234 2275 3305 λεγόντων
2300 3234 2526 3303 σημεῖον
2541 3232 2716 3299 τοῦτο,
2741 3234 2835 3287 καὶ
2852 3233 3290 3292 πιστευόντων...
3312 3235 3380 3289 Et
3407 3236 3575 3293 infra:

2021 3325 2162 3383 Ἀλλ’
2187 3326 2423 3381 ἐνταῦθα
2455 3327 2652 3399 μικρὸν
2679 3328 2949 3400 ἐρήσομαι
2973 3332 3104 3393 τοὺς
3129 3321 3578 3402 κατηγοροῦντας

2010 3421 2103 3477 τοῦ
2133 3422 2325 3489 δεῖνος,
2352 3424 2450 3479 καὶ
2487 3423 2586 3494 τῆς
2629 3424 2824 3487 δεῖνος.
2870 3423 2981 3479 Ποῦ
3010 3424 3133 3480 ποθ·
3158 3427 3319 3498 ύμεῖς
3346 3423 3467 3499 ἦτε,
3494 3429 3580 3484 ὅθ’

2008 3513 2039 3568 6
2074 3515 2369 3586 Μουράτης
2396 3515 2467 3569 τά
2497 3513 2724 3572 τοιαῦτα
2761 3517 3071 3588 ύπέσχετος
3098 3518 3214 3573 Ούκ
3239 3521 3297 3573 ἐν
3325 3522 3391 3592 τῇ
3421 3521 3579 3576 πόλει

2010 3605 2106 3661 καὶ
2136 3605 2398 3675 αὐτήκοοι
2422 3605 2533 3660 τῶν
2555 3608 2981 3678 κηρυττομένων
3002 3625 3018 3676 ;
3042 3612 3165 3675 Πῶς
3183 3607 3278 3666 οῦν
3294 3613 3393 3667 ούκ
3414 3615 3580 3684 ἐχρή-

2012 3697 2182 3751 σασθε
2213 3696 2292 3767 τῷ
2316 3696 2599 3770 λογισμῷς
2624 3698 2746 3762 Πῶς
2775 3698 2811 3754 ἀ
2840 3698 3138 3756 διανοεῖσθε
3168 3703 3267 3757 οὐκ
3298 3703 3380 3768 ιίς
3402 3706 3577 3775 πέρας

2009 3789 2281 3859 ἠγάγετε-,ς
2308 3790 2434 3854 Πῶς
2456 3790 2493 3845 ἀ
2520 3791 2628 3845 τῶν
2659 3790 2838 3846 ἀλλων
2863 3795 3224 3863 κατηγορεῖτε
3254 3795 3333 3865 μὴ
3359 3812 3577 3866 πεπρα-

2008 3879 2202 3950 χότων,
2228 3879 2384 3950 ὑμεῖς
2415 3881 2515 3934 ούκ
2565 3881 2863 3951 ἐπράξατε,
2900 3883 3095 3953 καιροῦ
3134 3883 3445 3949 καλοῦντος,
3479 3886 3577 3938 καὶ

2008 3971 2118 4026 τῶν
2141 3972 2523 4043 ἀπειργόντων
2564 3972 2668 4026 οὐκ
2699 3970 2870 4025 δντων
2894 3988 2913 4032 3
2942 3971 3064 4022 τότε
3094 3973 3202 4034 γὰρ
3234 3974 3441 4038 ποιμὴν
3473 3977 3576 4025 οὐκ

2006 4057 2075 4133 ἦν
2096 4074 2110 4091 ·
2150 4062 2330 4130 μῆνας
2360 4062 2472 4123 γὰρ
2522 4059 2670 4123 εῖχεν
2717 4051 2778 4119 ἐξ
2813 4053 3107 4123 γενόμενος
3135 4054 3195 4120 ἐξ
3227 4055 3537 4128 ἀνθρώπων
3559 4077 3574 4094 ·

2009 4151 2133 4200 οὐδὲ
2195 4144 2349 4215 ἀραὶ,
2371 4141 2483 4195 οὐδ’
2513 4141 2595 4196 ze*
2616 4141 2761 4209 ἐτερ*
2790 4141 3182 4214 ἀπαριθμεῐτε.
3205 4145 3271 4197 Τί
3302 4146 3578 4205 λοιπδνπδ

2010 4237 2264 4291 κωλῦσαν
2302 4235 2448 4304 ἡμᾶς
2473 4229 2613 4304 *padi
2642 4233 2791 4298 τίνος
2828 4235 3006 4306 ἔργον,
3034 4237 3138 4291 ὅσα
3181 4237 3573 4310 συμδέδηκενς

2012 4328 2235 4390 Οὐδενὸς
2279 4325 2387 4386 πᾶς
2430 4340 2513 4386 τις
2561 4325 2627 4376 ἂν
2664 4323 2809 4378 εἴποι
2854 4325 3209 4397 λογιζόμενος
3241 4331 3507 4395 εύσεὸῶς,
3541 4333 3575 4401 ἢ

353 4420 442 4489 pie
470 4429 584 4470 rem
641 4421 987 4481 computans.
1047 4419 1212 4476 quam
1275 4412 1479 4460 nostrae
1519 4406 1905 4477 improbitatis,
1936 4417 1988 4476 ο
2011 4418 2114 4487 τῆς
2140 4417 2299 4488 ἡμῶν
2330 4414 2607 4484 ἁμαρτίας
2633 4414 2864 4470 ἑκάστου
2886 4417 2982 4472 τὸν
3005 4420 3273 4492 ἀόργητον
3300 4423 3382 4486 εις
3405 4423 3575 4495 ὀργὴν

353 4521 477 4579 quae
514 4504 583 4560 ab
618 4500 899 4559 iracundia
946 4498 1176 4553 liberum
1229 4496 1397 4553 Deum
1463 4496 1518 4551 in
1564 4496 1906 4555 iracundiam

351 4596 522 4654 movit
543 4603 599 4652 et
647 4594 713 4649 ad
762 4589 934 4648 nostri
965 4587 1321 4659 punitionem,
1372 4588 1466 4660 qui
1500 4589 1802 4646 incorrecte
1834 4592 1912 4646 ia-

357 4694 561 4756 bimur,
589 4685 866 4747 excitavit,
919 4689 980 4737 ut
1020 4683 1087 4737 ad
1132 4681 1497 4751 nosmetipsos
1526 4672 1819 4738 redeuntes
1852 4684 1908 4738 in

352 4790 629 4854 posterum
659 4778 958 4847 sapiamus.
1001 4773 1159 4841 Quod
1193 4772 1241 4829 si
1285 4771 1410 4843 quis
1439 4781 1566 4826 ante
1605 4782 1726 4827 acta
1773 4785 1910 4828 tetu-

351 4884 486 4944 pora
527 4881 962 4925 commemorans
990 4865 1183 4921 iterum
1228 4862 1386 4917 nobis
1423 4871 1682 4932 opponat,
1719 4873 1775 4918 et
1809 4862 1913 4917 Pa·

355 4961 490 5020 stori
528 4973 747 5017 causam
778 4957 1054 5027 appingunt,
1095 4953 1189 5022 qui
1238 4953 1437 5009 dedere
1482 4967 1541 5007 se
1574 4953 1906 5019 volentibus.

353 5054 519 5108 etiam
558 5049 824 5107 sententia
851 5047 996 5101 dicta
1024 5042 1377 5107 contradixit.
1407 5044 1731 5100 insanientis
1764 5046 1911 5116 cogi-

357 5145 592 5200 tationes
620 5139 870 5208 suscipit.
902 5135 1148 5192 Primum
1176 5135 1325 5191 enim
1373 5149 1484 5191 non
1528 5136 1754 5192 addecet
1781 5153 1915 5208 pon·

354 5234 551 5292 titicetn
605 5242 789 5286 rerum
847 5228 1162 5284 militarium
1216 5225 1363 5297 jura,
1393 5235 1448 5280 et
1496 5225 1642 5281 bunc
1690 5227 1911 5297 quidem

357 5334 708 5396 tyrannorum
750 5333 900 5377 more
935 5318 1237 5389 principatu
1268 5316 1489 5386 pellere,
1533 5317 1685 5371 illum
1720 5328 1912 5374 coutra

356 5418 414 5474 in
450 5416 850 5488 possessionem
874 5411 1194 5477 immittere,
1223 5417 1278 5465 et
1303 5410 1664 5465 mutationum
1715 5420 1769 5466 et
1800 5425 1913 5466 cae-

352 5508 528 5573 dium.
557 5520 768 5562 necnon
790 5503 1137 5565 damnorum,
1187 5516 1309 5570 quae
1341 5501 1471 5555 dum
1497 5516 1686 5557 rerum
1737 5510 1914 5558 status

356 5598 696 5659 immutatur,
722 5590 999 5656 eveniunt.
1029 5597 1311 5646 auctorem
1362 5604 1506 5648 esse.
1543 5587 1734 5661 Neque
1760 5593 1907 5647 enim

269 5703 272 5706 ·
354 5697 470 5754 ipse
515 5682 569 5736 itt
604 5679 983 5751 tyrannicum,
1037 5678 1131 5734 sed
1189 5676 1242 5730 in
1298 5676 1634 5733 sacerdotate
1676 5685 1730 5732 ct
1767 5679 1913 5734 mitis

2012 4509 2137 4564 καθ’
2178 4509 2335 4579 ἡμῶν
2380 4507 2701 4576 κινησάσης,
2743 4508 2995 4564 παιδείαν
3043 4512 3178 4582 ἡμῖν
3229 4513 3574 4583 ἐπενεγκεῖν,

2014 4600 2296 4654 πταίουσιν
2344 4598 2667 4668 ἀδιόρθωτα,
2721 4600 2810 4656 ἵνα
2860 4601 2994 4670 γοῦν
3032 4605 3243 4658 ἑαυτῶν
3288 4607 3575 4676 γενόμενοι

2014 4691 2108 4743 καὶ
2148 4688 2243 4742 τοῦ
2281 4688 2473 4744 λοιποῦ
2521 4691 2968 4763 σωφρονίσωμεν.
3020 4695 3084 4747 Et
3109 4694 3165 4749 δέ
3194 4712 3278 4757 τις
3301 4696 3412 4752 τῶν
3444 4698 3575 4766 πρὶν

2013 4780 2480 4850 ἀπομνημονεύων
2512 4781 2741 4852 χρόνων,
2772 4782 2866 4836 καὶ
2893 4785 3079 4840 ,πάλιν
3131 4788 3264 4854 ἡμῖν
3294 4788 3574 4861 ἀντιλέγῃ.

2015 4867 2211 4937 καὶτῷ
2241 4870 2465 4938 ποιμένι
2487 4871 2586 4940 τὴν
2616 4871 2794 4924 αἰτίαν
2828 4874 3029 4945 ἐπάγῃ.
3063 4878 3178 4936 τοῖς
3215 4876 3574 4945 προδεδόσθαι

2014 4957 2258 5011 ἐθέλουσι
2293 4958 2368 5027 μὴ
2403 4960 2469 5012 τά
2505 4961 2594 5013 ῖσα
2621 4961 2974 5032 φρονήσαντι,
3007 4966 3099 5016 καὶ
3130 4962 3575 5035 βουλευσαμένῳ,

2018 5049 2321 5120 μεμηνότος
2344 5046 2518 5120 οἶμαι,
2562 5052 2824 5120 κέκτηται
2869 5052 3186 5123 λογισμούς.
3216 5056 3439 5122 Πρῶτον
3481 5057 3581 5128 μὲν

2014 5140 2124 5211 γάρ
2153 5142 2213 5193 ού
2246 5141 2343 5194 τοῦ
2393 5141 2671 5212 σχήματος
2705 5143 2802 5198 τοῦ
2850 5145 3153 5216 ἀρχιερέως
3193 5149 3581 5218 στρατηγικῶν

2014 5233 2358 5302 πραγμάτων
2393 5233 2915 5304 ἀντιλαμδάνεσθαι,
2942 5238 3039 5292 καὶ
3070 5241 3163 5291 τὸν
3201 5240 3302 5309 μέν
3325 5255 3579 5310 τυραννι·

2014 5324 2125 5386 κῶς
2182 5322 2406 5388 ἐξωθεῖν
2462 5325 2562 5394 τῆς
2610 5326 2811 5399 ἀρχῆς,
2857 5331 2952 5382 τὸν
2980 5328 3038 5383 δέ
3067 5329 3438 5399 ἀντεισάγειν,
3486 5335 3581 5387 καὶ

2013 5412 2380 5481 πραγμάτων,
2415 5412 2510 5466 καὶ
2538 5414 2722 5484 φόνου,
2746 5432 2839 5470 και
2879 5416 3117 5489 ζημιῶν,
3143 5419 3349 5474 τούτων
3376 5420 3443 5492 δὴ
3470 5421 3583 5476 τῶν

2014 5502 2075 5555 ἐν
2102 5504 2221 5563 ταῖς
2248 5500 2567 5572 ἐναλλαγαῖς
2598 5506 2708 5559 τῶν
2733 5502 2918 5578 ἀρχῶν
2947 5510 3380 5577 συμδαινόντων,
3410 5514 3587 5570 αἴτιον

2014 5591 2349 5648 δείκνυσθαι.
2376 5595 2451 5648 oe
2486 5596 2593 5665 γάρ
2625 5596 2723 5660 ἐπὶ
2755 5597 2947 5668 θρόνον
2971 5601 3135 5655 αὐτὸν
3161 5603 3460 5668 καθίζουσι
3493 5623 3583 5663 τυ-

2021 5683 2292 5755 ραννικὸν,
2316 5683 2429 5737 ἀλλ’
2463 5684 2553 5738 ἐπὶ
2599 5685 2788 5757 θρόνον
2836 5691 3130 5760 ίερατικδν,
3179 5697 3275 5749 καὶ
3307 5695 3583 5759 Δεσπότου
