3784 6125
1201 312 1304 375 DE
1345 313 1867 378 ΜΑΤΒΙΜΟΝΙΟ.

1883 165 2007 187 ...ψη

3036 321 3180 401 sos

207 420 260 478 lv
284 422 458 494 τούτῳ
502 421 727 480 ἄσπιλοι
766 418 909 479 εἶναι
957 424 1032 490 ὡς
1080 426 1335 497 ἐγχωρεῖ,
1365 428 1462 481 καὶ
1486 427 1539 491 Α
1563 426 1802 482 ctionem
1834 435 2155 493 consecuto,
2182 427 2437 484 studeant
2459 427 2721 500 conjuges
2744 426 2800 481 in
2823 439 2911 491 co,
2941 435 3001 481 ut
3023 426 3143 486 lieri

207 514 283 568 ιαὶ
328 514 454 586 δίχα
482 514 654 585 ψόγου
691 518 788 571 καὶ
834 517 1009 589 ῥύπου
1055 522 1461 584 συνάπτωνται,

208 604 352 661 [πεῖν
377 605 610 676 ἄμωμον
668 608 763 663 καὶ
789 608 866 672 ὡς
923 608 1256 681 παρθενικὸν
1295 612 1463 680 ἔγγὺς

218 697 311 753 τὸν
333 698 534 768 γάμον.

443 790 693 849 ΚΕΦΑΑ.
727 794 905 863 ΣΟΦ.

207 883 373 939 Arati
406 885 696 956 στέφανοι
729 888 797 941 ἐν
832 887 914 954 τῷ
960 888 1144 959 γάμῳ.

207 993 258 1031 το
287 977 398 1050 γὰρ
445 980 540 1034 καὶ
587 980 840 1047 στέφανοι
889 982 1153 1050 τίθενται,
1188 983 1278 1038 διὰ
1330 985 1460 1050 τοὺς

224 1066 323 1122 καὶ
354 1068 652 1139 καθαροὺς,
681 1072 761 1124 ὅτι
796 1073 1157 1129 συνάπτονται
1207 1075 1460 1140 ἄσπιλοι,

228 1158 533 1227 παρθενίαν
558 1158 688 1233 ἄχρι
711 1162 806 1215 τοῦ
836 1165 1018 1232 γάμου
1046 1166 1460 1237 συντετηρήκα-

221 1252 318 1305 καὶ
344 1253 442 1306 ἀπ’
471 1252 641 1322 αὐτῆς
663 1254 764 1323 τῆς
809 1241 1030 1326 φύσέως
1076 1257 1462 1328 μαρτυρούμε-
1503 1331 1507 1336 .

207 1340 357 1409 ιῐναι,
395 1346 424 1399 ὁ
460 1346 868 1417 συναπτόμενος
897 1352 964 1420 τῇ
1011 1349 1196 1423 νύμφῃ
1226 1351 1460 1421 νυμφίος

207 1451 217 1497 ,·
241 1434 400 1489 τοῦτο
419 1434 668 1505 βούλεται
693 1436 992 1506 κεκτῆσθαι
1012 1438 1207 1510 αὐτὴν,
1230 1439 1292 1494 τὸ
1312 1456 1461 1510 παρ-

207 1568 211 1581 .
246 1528 343 1583 καὶ
369 1529 638 1600 καθαρὰν,
676 1536 774 1583 καὶ
809 1528 884 1600 μὴ
922 1529 1113 1600 ἐτέρου
1141 1530 1310 1597 τινος,
1342 1529 1460 1585 άλΛ’

207 1619 358 1675 advoc
385 1616 523 1676 εῖναι
558 1623 654 1675 καὶ
700 1622 970 1692 κληθῆναι
1001 1624 1255 1690 γυναῖκα.
1286 1623 1452 1677 Ὅθεν

207 1712 605 1767 ίκδιδάσκισῦαι
637 1713 742 1785 χρὴ
764 1714 1005 1769 τοιοῦτον
1033 1716 1226 1769 ἑαυτὸν
1258 1719 1448 1789 τηρεῖν

207 1803 397 1876 ιῠαρδν
445 1807 512 1876 τῇ
551 1805 762 1879 νύμφῃ.
793 1806 891 1859 καὶ
937 1805 1110 1878 αὐτῆς
1135 1806 1325 1877 ἄνδρα,
1354 1806 1451 1863 καὶ

213 1935 230 1951 .
267 1896 380 1951 Καὶ
434 1897 484 1949 εί
515 1895 696 1956 τοῦτο.
722 1897 1063 1968 εὐλογημένη
1121 1898 1158 1968 ἡ
1189 1898 1445 1969 συζυγία,

207 2006 293 2058 τη,
345 1989 491 2043 κατὰ
547 1989 760 2052 Παῦλον
809 1992 1008 2060 εἰπεῖν,
1067 1992 1299 2058 ἄσπιλος
1354 1995 1452 2048 καὶ

219 2081 315 2136 καὶ
349 2082 446 2137 ἰπὶ
493 2081 572 2152 τῷ
603 2083 768 2153 γάμῳ
801 2085 975 2151 τούτῳ
1015 2084 1202 2140 τελεία
1233 2088 1267 2158 ἠ
1299 2086 1451 2142 εὐλο-

207 2171 446 2243 xpina:
477 2174 859 2243 παραγίνεται.
886 2176 949 2229 El
978 2176 1037 2230 δὲ
1065 2178 1449 2249 νενοθευμένος

207 2264 246 2317 nt
272 2263 465 2333 ῥύτεων
498 2264 772 2335 ἔμπλεως,
809 2266 927 2330 πῶς
953 2267 1064 2333 ἄρα
1111 2269 1287 2322 ἐκεῖσε
1315 2268 1450 2339 Χρι-

207 2354 541 2427 ιθαρώτατος
572 2358 757 2426 μόνος.
788 2359 885 2413 καὶ
929 2359 1039 2413 τῶν
1086 2359 1279 2430 ψυχῶν
1307 2378 1448 2430 νυμ·

224 2463 287 2501 τε
346 2448 443 2501 καὶ
475 2447 744 2518 &geopon
785 2449 1034 2504 ’Δπέστω
1084 2450 1267 2505 τοίνυν
1296 2452 1449 2506 πᾶσα

207 2538 229 2592 5
259 2538 448 2608 τιμίου
475 2541 655 2608 γάμου
680 2541 775 2593 καλΙ
804 2540 1028 2612 ἁρπαγή
1055 2558 1071 2573 ·
1101 2546 1199 2596 καὶ
1228 2544 1446 2615 μοιχεία

207 2632 322 2699 ρω,
381 2632 477 2685 καὶ
522 2631 618 2685 σὺν
657 2631 830 2704 ταύτῃ
883 2633 917 2702 ἡ
949 2633 1184 2704 βδελυρὲ
1238 2636 1335 2689 καὶ
1386 2634 1448 2689 τδ

211 2722 378 2777 ἐουσα
406 2722 700 2793 αἱμομιξία
726 2741 784 2778 τε
817 2726 913 2778 καὶ
941 2725 1282 2796 πολυγαμία.
1332 2726 1446 2780 Καὶ

207 2813 246 2871 ὕ
266 2815 439 2886 τόμου
464 2816 779 2871 ἀκατάλυτα
822 2816 1196 2886 φυλαττέσθω,
1232 2816 1321 2871 ἵνα
1351 2819 1446 2872 καὶ

207 2906 442 2968 ίνώσεως
467 2908 561 2961 καὶ
594 2908 668 2977 μὴ
694 2907 1053 2973 διαστάσεως,
1085 2906 1161 2970 ὡς
1198 2906 1310 2960 τῶν
1345 2924 1445 2960 κα-

207 2998 442 3070 τομὲνων
464 2998 848 3069 χωριζομένων
881 2997 1080 3068 μᾶλλον
1120 2998 1216 3052 καὶ
1239 2997 1443 3052 διιστα-

1565 526 1762 587 potest,
1781 518 2086 573 intemerati
2108 534 2247 575 csse.
2265 515 2330 574 Et
2351 520 2432 575 sic
2445 519 2739 578 liciee.sine
2760 516 3140 585 reprehensio-

1562 624 1633 663 ne
1673 617 1728 663 et
1758 608 1964 679 absque
1996 609 2116 664 labe
2129 609 2555 682 conjunguntur,
2574 609 2648 663 ita
2666 606 3139 678 utu-repreliensi-

1562 698 1672 756 bile
1693 701 1906 756 dicatur
1922 712 1971 756 et
1992 704 2144 773 qnasi
2169 701 2431 767 virginale
2448 709 2695 756 servetur
2709 698 3135 753 matrimonium.

2063 791 2294 849 CAPUT
2325 791 2644 850 chxxw.

1859 885 2039 954 Quare
2062 889 2268 943 coronis
2292 889 2347 942 in
2375 888 2575 955 nuptiis
2616 895 2859 943 utamur.

1633 974 1715 1032 Ob
1750 976 1893 1032 banc
1922 975 2070 1032 enim
2096 991 2316 1032 causam
2349 989 2625 1047 ponuntur
2652 995 2867 1036 corona:
2900 991 3126 1053 propter

1560 1066 1929 1139 virginitatem
1978 1076 2033 1123 et
2076 1067 2381 1124 castitatem
2422 1083 2609 1125 eorum
2675 1072 2767 1141 qni
2820 1073 3136 1132 intemerati

1559 1159 1890 1229 copulantur
1937 1168 1991 1214 et
2032 1158 2159 1229 quia
2200 1160 2570 1231 virginitatem
2610 1177 2782 1233 usque
2828 1165 2896 1219 acl
2949 1167 3137 1222 matri-

1561 1250 1805 1307 monium
1846 1250 2301 1320 custodiverunt5
2333 1253 2481 1323 quod
2513 1253 2629 1325 ipsa
2672 1267 2867 1312 natura
2900 1267 3136 1314 testatur

1559 1340 1764 1396 bonum
1793 1355 1937 1410 esse,
1965 1356 2197 1411 sponsus
2215 1342 2361 1399 enim
2395 1357 2611 1415 sponsat
2634 1351 2981 1403 conset-‘atus
3008 1360 3135 1407 ante

1537 1421 1959 1503 'quemcumque
1988 1432 2103 1487 vult
2127 1448 2247 1488 eam
2277 1433 2581 1504 possidere,
2608 1435 2679 1492 ita
2710 1446 2771 1492 ut
2804 1438 2955 1508 virgo
2981 1439 3053 1495 sit
3078 1450 3135 1496 et

1564 1536 1719 1593 pura,
1752 1536 1928 1592 neque
1956 1522 2251 1594 cujuslibet
2274 1524 2521 1585 alterius.
2556 1527 2652 1583 sed
2681 1543 2800 1582 eam
2833 1529 2917 1585 sui
2946 1529 3126 1587 solius

1561 1628 1684 1671 esse
1707 1653 1725 1678 .
1771 1629 2042 1687 suamquc
2108 1617 2288 1674 vocari
2356 1617 2616 1674 seminam
2672 1622 2923 1689 requirit.
2972 1621 3131 1679 Unde

1562 1703 1739 1775 ipsum
1767 1714 1987 1778 oportet
2032 1707 2281 1764 ediscere
2318 1707 2479 1764 talem
2518 1709 2873 1781 semetipsum
2916 1728 3133 1783 sponsae

1557 1816 1753 1871 purum
1788 1817 1915 1858 esse
1944 1813 2290 1859 servaturum
2312 1844 2329 1870 ,
2363 1804 2436 1858 ita
2465 1813 2525 1859 ut
2551 1805 2622 1859 sit
2651 1804 2770 1874 eius
2801 1806 2906 1871 vir,
2930 1817 2983 1863 et
3018 1823 3130 1865 non

1549 1891 1814 1961 alterius;
1841 1893 1987 1964 quod
2017 1894 2064 1950 si
2093 1892 2259 1961 adsit,
2284 1894 2628 1950 benedictum
2659 1896 2764 1953 erit
2787 1899 3127 1970 conjugium,

1556 1994 1617 2040 et
1653 1985 1860 2052 cubile,
1900 1995 1963 2042 ut
1989 1986 2295 2042 secundum
2332 1984 2564 2042 Paulum
2611 1987 2823 2057 loquar,
2859 1990 3129 2048 immacu-

1551 2077 1726 2134 latum
1765 2078 1872 2134 erit
1916 2086 1973 2134 ct
2020 2078 2311 2141 illibatum,
2350 2087 2408 2134 et
2448 2094 2618 2149 super
2649 2078 2757 2137 tale
2786 2082 3126 2138 connubium

1553 2171 1713 2241 plena
1744 2172 1853 2229 erit
1884 2171 2218 2239 benedictio,
2247 2179 2303 2227 et
2340 2170 2593 2229 Clu-istus
2626 2173 2676 2229 ei
2710 2174 2908 2231 aderit.
2940 2176 3048 2232 Sed
3078 2177 3127 2231 si

1549 2263 1812 2335 pollutum
1837 2264 1910 2320 sit
1935 2264 2341 2320 matrimonium
2357 2274 2412 2321 et
2430 2266 2554 2321 labe
2579 2266 2824 2338 plenum,
2845 2270 3126 2338 quomodo

1551 2355 1715 2428 ignur
1743 2354 1814 2411 ibi
1843 2354 2095 2412 Christus
2125 2355 2217 2426 qui
2250 2355 2402 2411 solus
2446 2357 2782 2426 purissimus
2812 2368 2897 2413 est
2924 2368 2976 2414 et
3001 2360 3125 2413 ani-

1550 2463 1757 2503 marum
1793 2461 2031 2518 sponsus
2063 2456 2289 2502 sauctus
2316 2459 2373 2502 et
2401 2447 2939 2519 irreprehensibilis?
2968 2450 3129 2507 Absit

1548 2540 1714 2611 igitur
1747 2540 1816 2596 :tb
1864 2539 2173 2595 honorabili
2211 2539 2469 2610 coniugio
2503 2540 2685 2595 omnis
2731 2540 3026 2597 fornicatio
3067 2552 3123 2598 ct

1548 2641 1757 2703 raptus,
1808 2631 2000 2703 procul
2046 2630 2191 2687 absit
2221 2646 2385 2687 omne
2428 2631 2782 2695 adulterium.
2814 2642 2871 2688 et
2902 2648 3026 2688 cum
3058 2649 3127 2690 eo

1547 2713 1888 2791 obscenium,
1915 2740 2025 2796 quo
2057 2724 2320 2780 miscetur
2378 2739 2549 2795 genus
2578 2725 2846 2781 incestum
2864 2726 3044 2782 scelus
3071 2738 3125 2782 et

1547 2817 1874 2889 polygantia,
1932 2824 1989 2873 et
2035 2816 2292 2871 inviolate
2338 2827 2631 2872 serventur
2669 2816 2809 2873 sacri
2848 2815 3128 2888 (Ritualis)

1545 2906 1669 2962 libri
1703 2916 1930 2969 statuta.
1960 2916 2020 2964 ut
2052 2907 2191 2963 liber
2222 2907 2295 2964 sit
2318 2907 2561 2974 unionis,
2594 2923 2701 2964 nou
2732 2909 3123 2978 separationis,

1545 3015 1667 3055 cunt
1689 2999 1828 3057 male
1849 3000 2200 3080 conveniant,
2214 3000 2311 3057 sed
2337 3001 2517 3072 potius
2536 3000 2831 3057 abscedant
2845 3002 2937 3072 qni
2960 3018 2988 3054 a
3013 3002 3124 3059 Deo

207 3089 242 3140 i·
273 3089 371 3143 καὶ
390 3090 472 3142 ὅτι
501 3089 567 3142 ὲκ
603 3088 698 3142 τοῦ
736 3086 962 3142 λύεσθαι
989 3087 1182 3143 τοῦτον
1222 3089 1436 3160 ταραχὴ
1463 3080 1507 3141 C
1538 3093 1768 3162 distant3
1803 3103 1861 3150 et
1881 3094 2139 3165 quoniam
2175 3094 2221 3150 si
2257 3093 2489 3150 violetur
2538 3093 2627 3150 bic
2659 3093 2822 3163 liber,
2859 3094 2987 3148 binc
3013 3104 3122 3150 tur-

207 3179 484 3251 Ξκκλησίᾳ.
520 3180 629 3233 Καὶ
659 3182 688 3233 ὁ
724 3179 826 3249 μὲν
875 3181 1106 3250 δίγαμος
1161 3181 1442 3246 κανονιζύ-

209 3311 225 3333 ,
262 3272 407 3325 καθά
451 3288 621 3341 φασιν
653 3271 700 3324 οἱ
752 3271 1018 3343 Πατέρες.
1050 3271 1114 3334 Ὀ,
1170 3272 1441 3341 τρίγαμος

207 3362 285 3417 ’.αἱ
304 3361 459 3427 οὗτος
488 3362 681 3433 τρίτην
709 3362 929 3431 ἀγᾶσθω
960 3363 1036 3435 μὴ
1083 3363 1252 3418 τέκνα
1296 3363 1438 3440 ἔχων

208 3455 641 3528 σσσαρακοστοῦ.
667 3455 758 3527 Τῷ
816 3455 984 3511 τίκνα
1027 3456 1084 3511 δὲ
1115 3457 1441 3527 κεκτημένῳ

207 3548 435 3603 ακοστὸν
477 3548 760 3618 τελέσαντι
790 3548 982 3620 χρόνον
1035 3546 1266 3618 ἀσυγχὼ
1280 3564 1442 3620 ρητος

207 3641 437 3713 ιιγαμία,
471 3643 500 3697 ὀ
550 3639 696 3712 ἱερός
749 3656 884 3714 φησι
927 3641 1113 3712 τόμος.
1164 3641 1247 3695 Τὰ
1310 3641 1441 3709 περὶ

260 3735 363 3790 σὺν
419 3734 683 3807 άκριόείᾳ
727 3733 889 3800 ἔστω,
918 3734 1014 3789 καὶ
1056 3736 1299 3805 προσοχῇ
1325 3736 1440 3799 τοϊς

227 3827 341 3880 τῶν
371 3825 684 3896 ἐκκλησιῶν
711 3825 1102 3896 ἐνεργούμενα.
1136 3823 1441 3894 Θεωρήσω-

207 3917 353 3982 ὅπως
380 3918 410 3971 ὀ
434 3918 612 3986 γάμος
641 3914 887 3987 νομίμως
915 3916 1142 3987 ἄρχεται
1166 3914 1434 3984 γίνεσθαι.

208 4011 336 4081 Ιἔρις
359 4010 474 4072 τοῖς
528 4010 954 4079 συναπτομένοις
997 4007 1155 4075 τίσιν,
1191 4006 1337 4062 οὗτοι
1372 4007 1440 4078 δὴ

207 4100 374 4157 ιοῦσιν
400 4101 679 4168 ἀλλήλοις,
707 4103 802 4155 καὶ
826 4100 925 4164 τὰς
952 4099 1179 4170 γνώμας
1210 4100 1348 4172 πρὸς
1377 4098 1439 4153 τὸ

207 4211 311 4249 σιν.
362 4189 496 4249 Εἶτα
549 4194 646 4248 καὶ
690 4193 907 4266 ἡμέρας
938 4194 1268 4259 ἐπιστάσης,
1294 4189 1437 4246 ὥστε

207 4286 300 4339 καὶ
351 4286 424 4340 τὰ
479 4283 813 4354 συμδόλαια,
850 4283 1194 4355 συνάθροισις
1239 4283 1439 4356 τιμίων

211 4374 376 4445 δρῶν,
413 4374 721 4447 μαρτυρίας
753 4374 916 4445 χάριν
978 4375 1072 4428 τοῦ
1123 4373 1431 4444 γινομένου,
1463 4410 1512 4468 D

207 4468 354 4537 ιίμου
381 4468 556 4537 γάμου
579 4467 933 4536 συνάλλαγμα
964 4467 1287 4535 ἐνεργεῖται.
1343 4464 1436 4520 Διὸ

207 4575 214 4618 ;
242 4556 685 4626 ἀποτεταγμένος
723 4556 862 4622 ἰπὶ,
892 4557 987 4610 καὶ
1032 4557 1100 4609 τά
1132 4554 1437 4625 cupediae

207 4648 265 4702 αὶ
327 4646 726 4718 σιγνογραφίας
787 4646 898 4701 τῶν
963 4646 1438 4700 συναλλαττόντων

207 4755 219 4792 ι
248 4736 508 4809 σταυροῦ,
529 4737 702 4807 δηλῶν
729 4738 805 4802 ὡς
827 4741 892 4794 ἐκ
921 4737 1015 4793 τοῦ
1038 4737 1173 4792 Θεοῦ
1197 4737 1257 4792 τὸ
1276 4738 1437 4808 ἔργον

207 4849 248 4884 ιν
279 4831 504 4901 Χριστῷ
561 4830 809 4902 ἄρχεται,
867 4831 976 4884 τῶν
1042 4829 1437 4900 μελλονύμφων

209 4922 383 4993 τάρων
407 4921 586 4975 αὐτῶν
615 4921 712 4975 τοῦ
738 4923 985 4993 καλάμου
1016 4920 1432 4990 ὲφαπτομὲνων,

207 5031 223 5064 e
253 5013 346 5067 καὶ
371 5012 697 5070 οἶκειοθελὲς
749 5012 1177 5081 ἐνδεικνυμένων
1221 5011 1284 5064 ἐκ
1313 5009 1436 5064 τού-

207 5119 252 5157 τι
307 5101 546 5172 Χριστὸς
606 5101 873 5156 συνάπτει
913 5099 1134 5164 αὐτούς.
1195 5099 1287 5153 Διδ
1341 5101 1437 5154 καὶ

208 5211 211 5231 ³
238 5193 603 5262 προσκυνοῦσι
634 5194 872 5265 πρῶτον,
896 5193 991 5245 καὶ
1038 5191 1182 5245 οὕτω
1210 5189 1306 5245 τοῦ
1332 5209 1434 5245 κα·

207 5299 421 5337 ιττονται
442 5297 458 5312 ·
490 5286 584 5337 καὶ
612 5285 803 5338 τούτου
829 5284 1034 5345 ἕνεκεν,
1069 5281 1153 5336 ὅτι
1201 5282 1434 5353 Χριστὸς

207 5386 344 5433 mue·
376 5370 469 5424 καὶ
493 5373 774 5442 στιυρικοὶ
806 5372 1055 5440 λέγονται
1085 5370 1294 5442 δεσμοί.
1325 5371 1436 5425 Καὶ

207 5461 314 5533 96
335 5459 532 5524 αὐτοὺς
559 5463 708 5515 λύειν
747 5462 868 5532 δίχα
897 5461 1058 5515 τινῶν
1087 5460 1433 5532 παρακολου·

207 5554 429 5622 ιμίμων,
480 5552 762 5617 τοιούτων,
822 5551 897 5614 ὡς
950 5554 1042 5604 καὶ
1099 5554 1191 5605 ἐπὶ
1225 5554 1436 5606 τετελε-

207 5643 364 5714 disq».
385 5643 445 5695 Et
471 5643 516 5696 δ’
543 5637 656 5700 οὗν.
681 5644 832 5695 ἔσται
858 5644 1168 5712 παρανομὲα
1193 5643 1227 5710 ἠ
1255 5644 1428 5707 λύσις.

208 5758 210 5776 =
243 5735 301 5790 δὲ
327 5735 649 5799 ἐπιστάντος
679 5735 787 5788 τῶν
815 5733 1029 5806 γάμων,
1061 5734 1141 5798 είς
1179 5735 1270 5788 τὸν
1302 5734 1427 5790 ναὸν

1541 3184 1760 3241 habitur
1801 3184 2074 3242 Ecclesia.
2107 3183 2364 3255 Bigamus
2399 3186 2620 3256 quidem
2646 3184 2931 3256 dirigatur,
2962 3196 3121 3257 prout

1541 3275 1800 3333 dixerunt
1834 3275 2052 3343 Patres,
2120 3275 2189 3332 de
2231 3277 2461 3348 trigamo
2503 3287 2689 3333 autem
2733 3277 2885 3348 plura
2919 3284 3121 3332 statuta

1541 3378 1690 3422 sunt.
1728 3361 1828 3421 llic
1856 3366 2073 3421 tertiam
2097 3363 2261 3421 ducat
2295 3382 2544 3436 uxorem,
2572 3369 2617 3424 si
2645 3368 2845 3424 liberos
2881 3384 2991 3425 non
3019 3368 3121 3424 ba·

1539 3457 1860 3529 beat,usque
1887 3456 1957 3514 ad
1980 3471 2183 3512 annum
2204 3457 2710 3529 quadragesimum
2737 3451 2897 3516 scd'si
2918 3461 3120 3517 liberos

1542 3549 1830 3616 babeat,et
1854 3549 1967 3620 jam
1989 3547 2462 3620 quadragesimum
2492 3550 2735 3622 attigerit
2773 3565 3004 3616 anuum,
3028 3562 3116 3608 to·

1540 3640 1702 3696 let-ari
1721 3654 1829 3696 uon
1862 3639 2059 3712 poterit
2075 3640 2295 3697 tertium
2325 3641 2756 3707 matrimonium,
2773 3657 2924 3698 sacer
2942 3644 3117 3711 inquit

1541 3730 1700 3787 liber.
1728 3731 1862 3798 Quae
1888 3732 1956 3787 de
1985 3731 2074 3787 ltls
2104 3738 2360 3788 accurate
2395 3740 2451 3787 et
2475 3731 2764 3802 diligenter
2785 3731 3115 3786 abEcclesiae

1539 3821 1811 3895 praelectis
1846 3822 2268 3891 adimpleantur.
2316 3820 2515 3878 Verum
2573 3821 2933 3892 inspiciamus
2976 3834 3114 3891 quo-

1539 3914 1704 3977 modo
1730 3915 2145 3971 matrimonium
2171 3914 2459 3972 honestum
2491 3929 2615 3971 esse
2645 3914 2893 3985 incipiat.
2924 3913 2980 3970 Si
3009 3928 3111 3986 pa-

1540 4013 1654 4062 tres
1680 4003 1900 4075 quidem
1932 4011 2060 4059 sunt
2087 4004 2569 4070 convenientibus,
2595 4004 2671 4060 illi
2706 4004 2847 4060 inter
2875 4019 2935 4062 se
2967 4019 3105 4061 con-

1537 4096 1820 4173 sentiunt,
1854 4111 2061 4168 suaque
2088 4096 2313 4153 consilia
2356 4096 2426 4151 ad
2472 4110 2610 4166 opus
2665 4096 2865 4152 iniunt.
2899 4094 3105 4152 Deinde

1539 4190 1630 4248 dic
1658 4188 1977 4255 constituta,
2010 4197 2070 4244 ut
2097 4188 2357 4259 nuptialis
2384 4188 2660 4246 scribatur
2699 4188 2899 4260 pactio,
2934 4189 3108 4245 bono·

1539 4278 1745 4336 rabiles
1786 4287 2187 4351 congregantur
2220 4278 2350 4343 viri,
2394 4277 2541 4348 quod
2572 4278 2632 4335 nt
2658 4280 2829 4352 gratia
2858 4279 3109 4337 testimo-

1539 4371 1638 4436 nii,
1663 4380 1718 4428 et
1739 4373 1997 4442 quoniam
2024 4362 2204 4443 legalis
2227 4370 2560 4429 matrimonii
2580 4381 2898 4429 contractus
2918 4373 3105 4428 initur.

1539 4462 1667 4520 ldco
1697 4467 1862 4521 etiam
1898 4465 1981 4521 vir
2011 4465 2166 4521 adest
2190 4481 2218 4519 a
2244 4463 2361 4536 lege
2391 4463 2707 4537 designatus
2728 4465 2821 4536 qui
2850 4465 3106 4537 conjuga-

1538 4557 1619 4612 les
1652 4556 1842 4613 scribit
1873 4556 2124 4623 tabulas;
2168 4564 2223 4612 et
2270 4556 2505 4628 sigillum
2554 4554 3006 4627 desponsatorum
3046 4555 3107 4611 lit

1539 4662 1639 4718 per
1681 4662 1925 4714 crucem,
1972 4662 2081 4717 quo
2126 4655 2276 4721 patet
2306 4662 2445 4718 opus
2491 4662 2559 4703 ex
2608 4648 2719 4704 Deo
2764 4660 2905 4706 esse.
2936 4657 2993 4704 ct
3046 4647 3105 4704 in

1535 4739 1757 4797 Christo
1789 4738 2032 4810 incipere
2054 4778 2073 4805 ,
2120 4739 2319 4795 futuris
2345 4739 2664 4812 conjugibus
2690 4747 2748 4795 et
2776 4754 2966 4795 eorum
3001 4754 3103 4812 pa·

1537 4832 1713 4888 tribus
1736 4830 2004 4888 calamum
2027 4829 2394 4902 tangentibus,
2426 4831 2497 4886 ita
2530 4830 2761 4904 singulis
2791 4831 3101 4888 libertatem

1537 4931 1591 4979 et
1610 4928 1963 4993 spontaneam
1982 4921 2310 4975 voluntatem
2335 4921 2442 4976 isto
2455 4919 2615 4976 modo
2640 4921 3102 4991 exprimentibus,

1537 5022 1594 5068 et
1656 5012 1917 5082 quoniam
1952 5009 2203 5068 Christus
2246 5026 2342 5067 eos
2392 5011 2697 5082 conjungit.
2756 5011 3099 5082 Quapropter

1537 5102 1685 5157 ltnnc
1710 5101 1948 5171 primum
1979 5099 2229 5168 adorant,
2250 5110 2308 5157 et
2332 5101 2528 5158 deinde
2548 5102 2815 5157 calamum
2849 5111 3100 5174 tangunt.

1535 5203 1591 5249 et
1652 5191 1910 5264 quioniam
1950 5190 2202 5248 Christus
2231 5206 2327 5248 eos
2372 5193 2592 5262 alligat,
2626 5194 2807 5248 crucis
2838 5193 3099 5249 dicuntur

1537 5283 1771 5346 vincula,
1807 5297 1986 5353 neque
2015 5281 2142 5338 licet
2188 5296 2251 5338 ea
2311 5281 2521 5338 solvere
2564 5284 2695 5353 quin
2741 5285 2987 5352 quaedam
3029 5298 3096 5337 ex

1535 5374 1653 5445 lege
1683 5380 2111 5443 consequantur,
2142 5373 2329 5428 eadem
2361 5389 2429 5429 ac
2460 5373 2527 5429 dc
2548 5374 2792 5444 perfecto
2819 5374 3101 5428 matrimo-

1537 5465 1649 5525 nio,
1674 5464 1717 5517 si
1747 5477 1927 5525 secus,
1961 5470 2244 5532 peccatum
2288 5467 2391 5520 erit
2423 5466 2639 5521 solutio.
2666 5465 2866 5521 Verum
2898 5479 3093 5532 supcr-

1545 5555 1793 5610 vcuicntc
1828 5552 2137 5623 nuptiarum
2187 5553 2298 5618 (lic,
2333 5555 2595 5624 templum
2623 5554 2826 5608 adeunt
2854 5568 3093 5623 sponsus

1534 5654 1590 5699 ct
1615 5658 1835 5710 sponsa,
1867 5657 1990 5696 nam
2026 5657 2057 5695 a
2088 5641 2197 5696 Deo
2215 5640 2443 5712 ejusque
2467 5639 2702 5695 Ecclesia
2723 5640 2807 5695 vir
2830 5640 3091 5698 l'cmiuam

1538 5734 1756 5807 accipit,
1791 5742 1846 5789 ct
1874 5729 2153 5799 sacerdos,
2192 5744 2347 5788 sacra
2375 5731 2511 5788 stola
2538 5731 2787 5801 indutus,
2847 5732 3083 5819 primum
