3784 6125
249 309 357 374 853

987 303 1381 366 RESPONSA
1422 304 1521 365 AD
1548 300 2003 367 GABROELEM
2030 304 2761 369 PENTAPOLITANUM.

3401 309 3518 374 854·

251 425 367 495 κίᾳ,
397 425 452 476 ὲν
477 424 545 491 τῇ
583 421 748 491 γενεᾷ
779 420 927 492 πάσῃ
952 419 1143 485 αὑτοῦ,
1174 419 1296 490 ἥτις
1331 420 1423 473 καὶ
1454 415 1829 490 κατακλυσμῷ
1858 391 1910 479 ῤ’
1935 432 2055 471 rum
2092 428 2236 473 recta
2274 429 2330 475 et
2352 421 2438 490 pia
2480 420 2860 478 manifestatur
2882 423 3016 489 vita,
3045 431 3102 479 ut
3123 425 3341 481 l'ueruut
3371 427 3505 499 Λυσι

250 512 668 584 ὲξωλόθρευται,
700 512 760 564 έν
801 505 834 584 ᾗ
867 512 1083 574 πάντως
1113 512 1276 581 γενεᾷ
1300 513 1366 581 τῇ
1405 509 1699 580 φθαρείσῃ,
1729 508 1826 562 καὶ

251 610 425 677 νήπια
466 605 748 676 μυριάδες,
788 604 946 674 331
1001 604 1177 657 πάντα
1217 602 1314 656 καὶ
1340 602 1480 655 αύτά
1527 600 1669 655 κατά
1701 601 1828 663 τοὺς

253 700 507 767 Πατέρας
546 696 808 768 μέλλοντα
837 697 1023 764 ζῆσαι.
1058 695 1169 749 Καὶ
1198 693 1295 757 ὡς’
1315 694 1566 763 Ἀδραάμ
1602 696 1660 747 έν
1684 691 1828 746 Χαλ-

251 791 426 853 δαίοις
447 792 540 844 καὶ
572 789 722 861 πάσῃ
747 790 816 858 γῇ
845 788 986 859 πλὴν
1019 787 1352 858 Μελχισεδὲκ
1381 788 1471 841 καὶ
1494 788 1600 840 τῶν
1628 787 1828 858 ὁμοίων

251 886 426 955 αύτῷ,
461 885 620 956 εἴπερ
668 885 765 938 καὶ
797 882 950 938 ἄλλοι
983 880 1105 935 κατ’
1146 880 1342 934 αὐτόν·
1380 880 1477 933 καὶ
1511 879 1586 941 ὡς
1615 878 1737 932 Λὼτ
1769 879 1827 931 έν

253 978 532 1046 Σοδόμοις,
591 978 687 1030 καὶ
729 975 927 1045 Ἰωσὴφ
976 975 1033 1027 ἐν
1095 971 1380 1041 Αἰγύπτῳ,
1435 972 1530 1024 καὶ
1573 970 1636 1022 τδ
1676 969 1829 1033 ἔθνος

249 1068 364 1121 τῶν
404 1066 674 1120 Ἰουδαίων
710 1066 871 1136 μόνον
918 1066 977 1117 ἐν
1005 1066 1100 1133 γῇ,
1127 1064 1221 1116 καὶ
1265 1062 1397 1116 αύτδ
1436 1063 1665 1116 πλείστα
1694 1060 1826 1115 πολ-

251 1159 415 1220 λάκις
466 1158 858 1227 σφαλλόμενον.
907 1156 1003 1220 Τίς
1027 1151 1124 1209 οὗν
1167 1157 1325 1226 ἀραό
1369 1154 1537 1218 αἴτιος
1565 1154 1668 1225 τῆς
1699 1155 1826 1207 ἀσε-

256 1251 413 1313 6είας
434 1252 547 1312 τοίς
572 1247 860 1311 ἀσεδοῦσις
900 1247 1030 1311 Θεός
1051 1265 1067 1311 ;
1110 1247 1282 1317 ’Υπὲρ
1312 1248 1492 1301 πᾶσαν
1515 1246 1674 1299 τοῦτο
1701 1246 1828 1300 ἀσέ-

252 1343 406 1396 δειαν
460 1343 627 1405 εἴτις
675 1342 792 1410 ὲρεί
820 1341 914 1392 καὶ
957 1339 1325 1409 βλασφημίαν.
1374 1338 1543 1409 Δῆλον
1598 1338 1708 1407 γὰρ
1751 1337 1830 1401 ὡς

253 1435 476 1500 κολάζει
514 1436 642 1497 τοὺς
674 1433 914 1495 ἀσεδεῖς.
949 1432 1104 1486 Διατί
1152 1427 1245 1486 οὗν
1273 1431 1409 1502 τιμᾷ
1440 1432 1538 1501 μέν
1561 1431 1825 1497 δικαίους,

254 1531 351 1584 καὶ
403 1530 607 1581 τούτων
645 1526 890 1597 κήδεται,
940 1525 1264 1595 τιμωρεῖται
1323 1523 1382 1578 δέ
1426 1522 1824 1585 δυσσεδοῦντας

256 1621 351 1673 καὶ
390 1619 795 1689 ἀποστρέφεται
825 1635 842 1684 ;
875 1619 1098 1678 Πάντως
1143 1617 1219 1678 ῶς
1264 1614 1390 1676 τοὺς
1440 1613 1686 1678 εύσεδεῖς
1729 1612 1830 1683 μὲν

254 1709 689 1779 ἀποδεχόμενος,
741 1710 866 1771 τοὺς
927 1706 1143 1769 ἀσεόεῖς
1191 1706 1247 1760 δὲ
1301 1705 1786 1775 ἀποστρεφόμενος
1807 1743 1826 1773 ,

255 1799 382 1853 ἐπεὶ
414 1799 536 1852 οὐδὲ
572 1799 767 1868 ἀφίησί
810 1815 862 1851 τι
909 1797 1018 1851 τῶν
1047 1797 1183 1868 πρὸς
1236 1796 1515 1867 σωτηρίαν
1569 1796 1644 1865 μὴ
1675 1796 1830 1865 ἐνερ-

255 1894 399 1961 γεῖν,
426 1890 567 1945 ὥστε
610 1890 908 1959 έπιγνῶναι
959 1889 1122 1943 αὐτόν
1146 1906 1160 1922 ·
1224 1890 1318 1943 καὶ
1351 1889 1442 1943 τὸν
1489 1889 1693 1959 κόσμον
1722 1888 1830 1960 γάρ

259 1983 331 2036 δι’
360 1982 507 2053 ἡμᾶς
535 1981 762 2052 ἐποίησέ
807 1998 867 2034 τε
901 1981 1000 2035 καὶ
1030 1981 1240 2043 διοικεῖ,
1274 1979 1369 2032 καὶ
1400 1978 1470 2032 τά
1502 1977 1599 2048 τῆς
1628 1977 1832 2047 ἀρετῆς

259 2073 480 2142 ἔμφυτα
518 2071 715 2139 ἔθηκεν
743 2072 801 2123 ὲν
829 2072 981 2140 ἡμῖν.
1012 2070 1107 2124 καὶ
1132 2068 1353 2132 δούλους
1385 2067 1705 2123 ἀπέστειλεν
1730 2066 1830 2121 αύ·

260 2164 358 2218 τοῦ
396 2164 458 2216 τὸ
483 2162 649 2218 αὐτοῦ
683 2161 1056 2232 κηρύττοντας
1086 2161 1304 2230 θέλημα
1329 2176 1344 2191 ·
1377 2162 1470 2214 καὶ
1492 2158 1654 2229 νόμον
1676 2158 1832 2213 ἔθετο

258 2255 423 2319 θεῖον,
462 2256 555 2307 καὶ
602 2255 886 2325 προφήτας
932 2253 1119 2319 ἔδειξε,
1147 2253 1241 2307 καὶ
1295 2251 1446 2312 τέλος
1495 2251 1658 2315 αὐτὸς
1700 2246 1833 2322 ἦλθε

255 2346 326 2401 δι’
356 2347 552 2401 ἑαυτοῦ
575 2363 590 2378 ·
628 2349 722 2400 καὶ
771 2344 1031 2415 μαθητῶν
1063 2344 1224 2415 χορὸν
1270 2342 1575 2412 ἐξελέξατο,
1606 2344 1701 2397 καὶ
1752 2344 1833 2406 εἰς

260 2442 351 2495 τὸν
381 2442 581 2510 κόσμον
612 2438 906 2510 κηρύσσειν
944 2437 1240 2507 ἐξέπεμψε,
1276 2439 1370 2490 καὶ
1417 2436 1670 2506 θαύματα
1700 2451 1834 2489 κατ-

259 2537 580 2607 ειργάσατο,
622 2532 783 2588 ἅτινα
812 2533 876 2603 δὴ
906 2534 1000 2586 καὶ
1029 2531 1192 2602 μέχρι
1222 2530 1320 2584 νῦν
1366 2529 1692 2598 ὲνεργεῑται.
1725 2527 1834 2581 Καὶ

262 2630 481 2701 πρῶτον
511 2628 611 2697 μὲν
641 2625 733 2679 τοῦ
760 2624 1023 2695 ὀνόματος
1051 2621 1218 2677 αὐτοῦ
1244 2620 1650 2693 κηρυττομένου
1672 2619 1835 2673 παντὶ

261 2724 340 2793 τῷ
372 2723 587 2791 κόσμῳ,
635 2720 828 2772 ἔπειτα
870 2717 958 2770 διὰ
1004 2716 1107 2780 τῆς
1145 2713 1454 2784 Παρθενίας
1485 2710 1652 2767 αὐτοῦ
1680 2713 1833 2765 πολι-

258 2815 563 2885 τευομένης
603 2815 661 2866 έν
708 2813 779 2882 γῇ
805 2826 821 2841 ·
853 2805 971 2863 εἶτα
1012 2808 1099 2862 διά
1125 2808 1223 2877 τῆς
1260 2807 1354 2863 τοῦ
1398 2805 1605 2877 κόσμου
1634 2804 1834 2874 φυγῆς,

267 2907 424 2978 παρὰ
455 2905 668 2958 πολλῶν
694 2903 821 2974 ἄχρι
847 2901 940 2954 τοῦ
966 2899 1060 2953 νῦν
1087 2900 1489 2970 πραττομένης,
1523 2899 1619 2953 καὶ
1643 2896 1723 2952 ἔτι
1749 2898 1837 2952 διά

266 3002 370 3072 τῆς
407 2995 752 3068 μονογαμίας,
794 2994 888 3047 καὶ
919 2992 1276 3063 σωφροσύνης
1301 2992 1410 3046 τῶν
1452 2991 1592 3046 κατά
1631 2991 1836 3061 κόσμον

1929 516 1986 564 et
2018 508 2165 575 Sem,
2195 511 2298 566 soli
2329 512 2383 567 in
2415 515 2768 582 generatione
2782 514 2939 580 Cain.
2968 525 3024 571 et
3054 516 3168 574 Noe
3196 518 3504 574 soluscum

1931 615 2029 656 sua
2055 598 2219 656 domo
2246 602 2301 657 in
2337 603 2487 659 omni
2523 604 2641 674 ejus
2672 606 3024 673 generatione
3059 621 3183 677 quae
3214 617 3270 663 et
3299 608 3507 664 diluvio

1932 705 2255 768 consumpta
2283 707 2413 754 est:
2449 711 2504 754 et
2553 698 2611 755 iu
2639 698 2725 755 illa
2776 699 3001 756 omnino
3048 716 3302 773 corrupta
3346 719 3510 775 gene-

1933 787 2145 844 ratione
2174 797 2329 843 erant
2362 803 2581 859 quoque
2620 790 2877 856 infantes.
2931 803 2987 847 et
3029 792 3252 864 insuper
3282 808 3502 862 omnes,

1933 890 1991 937 ut
2024 889 2212 936 notant
2242 881 2450 945 Patres.
2473 882 2569 953 qui
2599 882 2763 939 modo
2793 883 3098 955 ingressuri
3146 895 3303 941 erant
3333 887 3400 941 ad
3426 888 3508 942 vi·

1934 981 2042 1028 tam
2066 988 2083 1039 ;
2110 985 2163 1029 et
2186 974 2459 1030 Abraham
2486 975 2539 1029 in
2562 973 2831 1031 Chaldoeis
2855 984 2908 1030 et
2943 976 2995 1030 iu
3026 986 3135 1031 tota
3163 985 3330 1042 terra,
3364 993 3504 1046 prm·
3571 1019 3574 1020 ν

1932 1074 2014 1120 ter
2060 1064 2476 1131 Melchisedech,
2529 1067 2604 1122 illi
2658 1068 2883 1136 similes,
2931 1068 3027 1124 alii
3078 1056 3222 1124 enim
3253 1070 3510 1124 dicuntur

1932 1156 2233 1212 secundum
2274 1159 2600 1228 exemplum·
2620 1159 2739 1228 ejus
2774 1160 3008 1226 vixisse;
3063 1168 3118 1216 et
3149 1162 3295 1217 sicut
3320 1160 3419 1217 Lot
3451 1162 3509 1216 in

1932 1247 2206 1314 Sodomis,
2243 1258 2299 1304 et
2326 1248 2523 1318 loseph
2575 1250 2629 1304 iu
2664 1249 2915 1323 AEgypto,
2945 1260 2999 1307 et
3049 1254 3282 1323 populus
3347 1252 3510 1309 lsrael

1932 1342 2082 1399 solus
2111 1341 2255 1397 inter
2280 1343 2508 1412 populos
2535 1351 2696 1399 terrae
2751 1344 2845 1413 qui
2897 1352 3079 1400 tamen
3105 1352 3161 1400 et
3188 1346 3415 1401 multum
3448 1355 3505 1401 et

1928 1446 2072 1501 saepe
2095 1430 2345 1502 deliquit.
2371 1432 2506 1500 Quis
2525 1448 2654 1503 ergo
2673 1434 2855 1504 impiis
2876 1448 3043 1491 causa
3070 1445 3154 1491 est
3172 1436 3466 1507 impietatis
3487 1436 3514 1490 ἲ

1935 1522 2115 1579 Deus?
2142 1522 2258 1579 Hoc
2290 1523 2335 1579 si
2371 1525 2498 1593 quis
2536 1522 2758 1587 dixerit,
2793 1540 2961 1595 super
2988 1540 3211 1582 omnem
3265 1527 3515 1597 impieta·

1934 1623 2046 1671 tem
2086 1626 2137 1672 et
2180 1616 2595 1688 blasphemiam.
2640 1617 2871 1673 Evldcns
2922 1618 3067 1674 enim
3113 1626 3200 1675 est
3242 1629 3511 1689 quantum

1934 1710 2122 1778 puniat
2150 1710 2367 1780 impios.
2391 1710 2572 1776 Quare
2604 1726 2734 1781 ergo
2767 1712 3000 1766 honorat
3020 1711 3202 1781 justos
3228 1719 3283 1768 et
3310 1712 3378 1768 de
3405 1714 3524 1775 illis,

1932 1814 2108 1869 curat,
2138 1803 2265 1857 dum
2290 1804 2519 1874 castigat
2550 1810 2607 1859 et
2652 1803 2800 1872 ejicit
2837 1805 3075 1873 impios?
3101 1803 3339 1861 Omnino
3364 1806 3516 1862 sicut

1932 1894 2050 1963 pios
2111 1893 2378 1963 glorificat
2427 1906 2482 1950 et
2548 1895 2745 1964 impios
2799 1893 3016 1965 elongat
3070 1913 3085 1951 ε
3128 1910 3253 1951 cum
3292 1896 3515 1966 quidem

1934 1986 2067 2041 nihil
2110 2001 2219 2041 uon
2276 1985 2471 2042 feccrit
2524 1996 2747 2057 propter
2793 1988 3023 2042 salutem
3058 1995 3304 2043 nostram
3355 1999 3409 2043 et
3456 1998 3516 2044 ut

1931 2085 2385 2149 cognosceretur;
2410 2086 2463 2133 et
2483 2078 2722 2148 orbequ
2731 2078 3008 2135 nivernum
3024 2078 3270 2135 condidit
3294 2092 3517 2151 propter

1933 2186 2034 2228 nos
2059 2179 2114 2227 et
2141 2170 2441 2241 gubernatg
2463 2181 2517 2226 et
2542 2171 2597 2226 in
2623 2170 2781 2228 nobis
2806 2172 2987 2241 posuit
3019 2172 3229 2228 semina
3260 2172 3517 2239 virtutis3

1934 2273 1990 2320 et
2034 2263 2188 2319 misit
2249 2277 2459 2319 servos·
2490 2276 2622 2319 suos
2666 2264 2761 2331 qui
2818 2262 2975 2318 uobis
3022 2264 3350 2319 annuntient
3393 2264 3517 2334 ejus

1934 2352 2305 2418 voluntatem3
2340 2360 2395 2408 ct
2433 2353 2608 2423 legem
2648 2352 2845 2409 statuit
2885 2352 3125 2407 divinam
3155 2369 3170 2421 ;
3195 2362 3249 2408 et
3278 2357 3517 2423 prophe·

1938 2455 2021 2501 tas
2055 2445 2199 2501 misit
2219 2461 2236 2511 ;
2266 2454 2321 2500 et
2348 2445 2587 2514 denique
2614 2445 2733 2515 ipse
2787 2444 2936 2500 venit
2970 2460 2987 2511 ;
3017 2454 3073 2501 et
3107 2444 3514 2514 discipulorum

1935 2539 2166 2594 eborum
2204 2538 2370 2610 elegit
2428 2551 2571 2607 quos
2604 2535 2754 2592 misit
2785 2537 2841 2591 in
2886 2536 3203 2594 uuiversum
3243 2536 3515 2592 mundum

1937 2631 2355 2701 praedicatur-om
2408 2636 2462 2684 et
2521 2627 2789 2683 miracula
2852 2625 2980 2684 fecit
3028 2642 3149 2698 quae
3204 2628 3422 2699 quidem
3463 2635 3526 2686 et

1936 2734 2113 2793 usque
2176 2736 2321 2778 ιιιιιιο
2355 2729 2629 2791 operatur.
2696 2719 2938 2787 Quorum
2992 2723 3228 2789 primum
3290 2720 3396 2775 fuit
3464 2728 3526 2775 ut

1938 2815 2331 2887 praedicaretur
2376 2829 2572 2870 nomeu
2622 2814 2742 2884 ejus
2772 2815 2828 2868 in
2877 2822 2993 2868 toto
3028 2813 3162 2869 orbe
3204 2824 3517 2879 terrarum;

1936 2908 2132 2964 deiude
2168 2915 2224 2961 ut
2261 2921 2358 2977 pet·
2379 2906 2738 2975 virginitatem
2768 2905 2890 2974 ejus
2933 2906 3249 2962 alliceretur
3278 2914 3334 2962 et
3363 2908 3524 2976 quasi

1937 2998 2336 3070 gubernaretur
2374 3005 2518 3051 terra
2541 2993 2772 3061 ;‹leinde
2792 3004 2853 3050 ut
2885 2994 3125 3050 mundus
3165 2998 3524 3054 desereretur

260 3091 560 3161 ὀρθοδόξων
592 3086 800 3141 πιστῶν
859 3084 1051 3149 αὐτοῦ,
1085 3083 1275 3138 ἔπειτα
1322 3083 1412 3138 διὰ
1465 3083 1569 3154 τῆς
1607 3099 1856 3137 κακοπα·
1883 3089 1929 3152 c
1959 3086 2014 3145 et
2040 3104 2068 3142 a
2093 3088 2279 3143 mulus
2304 3088 2471 3143 etism
2535 3100 2681 3143 nunc
2710 3087 3036 3156 deseratur;
3066 3098 3121 3144 et
3149 3099 3210 3145 ιιι
3237 3091 3525 3148 credentes

262 3185 417 3248 θείας
462 3181 565 3250 τῆς
606 3179 829 3251 σαρκὸς,
880 3178 940 3230 έν
988 3175 1200 3239 πολλοῖς
1241 3177 1350 3230 τῶν
1399 3175 1601 3229 δούλων
1665 3175 1834 3230 αὐτοῦ

263 3273 666 3346 ἐνεργουμένης
707 3269 971 3331 ἑκουσίως
1005 3270 1070 3338 τῇ
1107 3267 1340 3336 ἀσκήσει
1374 3266 1468 3318 καὶ
1489 3268 1836 3336 ἀναχωρήσει

265 3369 378 3419 τῶν
402 3362 709 3434 κοσμικῶν,
731 3362 807 3424 ὡς
833 3361 997 3422 αὐτὸς
1019 3356 1321 3422 διετάξατο,
1347 3357 1439 3410 καὶ
1462 3355 1552 3410 διά
1572 3356 1682 3409 τῶν
1703 3356 1838 3408 ἀπο-

268 3458 617 3527 θνησκόντων
648 3455 777 3524 ἄχρι
804 3451 900 3506 τοῦ
941 3451 1036 3505 νῦν
1061 3450 1155 3505 καὶ
1181 3447 1534 3516 διωκομένων
1569 3447 1711 3515 ὑπὲρ
1734 3445 1835 3512 τῆς

266 3549 433 3604 αὑτοῦ
467 3547 771 3618 μαρτυρίας
800 3543 895 3599 καὶ
941 3541 1035 3596 τοῦ
1069 3541 1209 3609 ὑπὲρ
1238 3539 1338 3608 τῆς
1381 3538 1616 3599 πίστεως
1648 3535 1833 3604 ζήλου.

275 3643 385 3695 Καὶ
424 3640 489 3693 δι’
522 3639 701 3694 αὐτῶν
727 3636 782 3689 δὲ
812 3635 920 3688 τῶν
951 3632 1110 3699 ίερῶν
1156 3631 1358 3693 τόπων,
1391 3630 1447 3681 ὲν
1474 3623 1558 3690 οἷς
1604 3627 1674 3680 τά
1696 3626 1838 3696 ὑπὲρ

270 3739 303 3799 ὴ
314 3733 430 3804 μῶν
463 3731 757 3800 ἐνήργησε,
797 3729 858 3780 τὸ
889 3723 1205 3795 θαυμαστὸν
1243 3719 1566 3789 καθορᾶται,
1598 3717 1702 3771 ὑπὸ
1728 3715 1838 3769 τῶν

274 3823 740 3897 βλασφημούντιιιν
762 3819 924 3873 αὐτὸν
948 3817 1127 3871 ἀθέων
1148 3813 1218 3867 τά
1246 3814 1423 3866 έκεῖσε
1453 3811 1731 3882 ἀρχόντων
1762 3808 1838 3879 μὴ

269 3920 706 3991 ἀφανιζομένων,
753 3912 1158 3982 συνισταμένων
1208 3908 1265 3962 δὲ
1314 3906 1517 3979 μᾶλλον
1566 3906 1738 3974 ἁγίων
1780 3906 1839 3956 έν

269 4014 457 4073 αὐτοῖς
482 4009 671 4073 οἴκων,
707 4005 799 4061 καὶ
823 4005 901 4074 τῷ
934 4003 1028 4057 τοῦ
1063 4002 1315 4073 Σωτῆρος
1342 4000 1567 4069 ὀνόματι
1592 3996 1838 4068 τιμωμέ-

268 4122 401 4167 νων,
434 4103 525 4155 καὶ
556 4098 746 4161 ἀπὶῶς
770 4096 838 4151 δι’
868 4096 1071 4165 ἑτέρων
1100 4092 1490 4163 ἀναριθμήτων
1519 4089 1838 4159 θαυμάτων,

273 4199 384 4251 τῶν
416 4212 474 4248 τε
522 4197 581 4247 ἑν
608 4192 783 4260 ἁγίοις
813 4192 982 4252 ναοῖς,
1014 4189 1073 4239 ἐν
1103 4186 1279 4254 ἀγίοις
1312 4183 1522 4249 ὕδασιν,
1567 4184 1625 4237 έν
1653 4181 1842 4250 ἁγίαις

274 4282 476 4336 εἰκόσιν
497 4323 513 4349 ,
555 4283 613 4334 έν
661 4281 825 4350 ίεροίς
857 4276 1129 4344 λειψάνοις
1162 4273 1594 4345 ένεργουμένων,
1632 4271 1729 4329 καὶ
1753 4269 1842 4325 διὰ

273 4373 370 4427 τοῦ
413 4372 597 4443 μένειν
653 4369 792 4423 αὐτὰ
834 4363 1007 4432 εύὼδη
1042 4363 1138 4416 καὶ
1184 4362 1366 4429 ἀσινῆ,
1400 4364 1481 4417 ἔτι
1527 4379 1584 4416 τε
1623 4361 1712 4415 δια
1744 4359 1839 4414 τοῦ

1946 3182 2000 3235 in
2040 3195 2165 3236 eum
2206 3179 2274 3233 de
2305 3178 2512 3234 mundo
2541 3178 2837 3234 didicerint
2864 3187 2919 3235 et
2944 3180 3370 3249 approbaverint
3405 3199 3523 3238 mo-

1948 3272 2255 3341 nogamiam
2290 3280 2345 3326 et
2384 3271 2719 3326 castitatem.
2776 3271 2984 3326 Deinde
3020 3280 3080 3328 ut
3106 3288 3384 3329 servorum
3408 3276 3528 3344 ejus

1949 3360 2201 3431 permulti
2260 3361 2501 3431 amplexi
2579 3363 2693 3417 siut
2743 3364 3219 3418 mortificationem
3250 3365 3527 3424 heroii-am

1945 3453 2127 3508 carnis
2188 3460 2387 3521 sponte
2448 3467 2545 3506 sua
2605 3468 2700 3522 per
2733 3455 3247 3521 contemplationem
3278 3466 3335 3513 et
3392 3475 3528 3516 aua·

1946 3542 2277 3599 choreticam
2319 3542 2663 3597 aversionem
2715 3559 2744 3597 a
2800 3545 3113 3609 mumlanis.
3164 3547 3527 3605 sicutexem-

1947 3634 2036 3704 plo
2070 3635 2192 3703 igne
2223 3633 2507 3698 docuerat,
2540 3643 2593 3688 ct
2636 3644 2692 3690 ut
2757 3636 2913 3688 multi
2967 3646 3195 3692 mortem
3258 3639 3529 3697 subierint

1947 3736 2001 3783 et
2027 3726 2280 3781 exsilium
2314 3739 2487 3794 usque
2519 3741 2662 3781 ιιιιιιο
2700 3727 2751 3780 iu
2789 3727 3156 3782 testimonium
3178 3729 3297 3798 ejus
3327 3738 3382 3802 et
3413 3732 3528 3786 zelo

1948 3818 2070 3873 Mei
2103 3834 2117 3868 ε
2152 3825 2206 3872 et
2235 3825 2293 3871 ut
2324 3815 2378 3871 in
2413 3817 2548 3873 locis
2588 3818 2795 3874 sanctis
2858 3804 2955 3873 ubi*
2981 3826 3206 3890 propter
3238 3836 3337 3875 nos
3380 3821 3529 3874 laho-¹

1948 3910 2088 3964 ravit
2151 3915 2473 3980 perpetuum
2543 3910 2912 3978 conspiciatur
2983 3912 3308 3965 miraculum
3381 3912 3525 3980 qumi

1948 3997 2305 4072 blasphemiis
2354 3999 2640 4056 stheorum
2696 4015 2802 4055 non
2851 4000 3144 4056 obscurata
3185 4011 3238 4058 ct
3297 4005 3527 4072 praecisa

1948 4093 2054 4147 sint
2093 4105 2217 4162 quae
2275 4091 2411 4148 inibi
2444 4094 2767 4163 principium
2803 4093 3110 4148 halmeruut
3136 4134 3148 4158 ,
3199 4095 3293 4150 scd
3350 4095 3530 4164 potius

1948 4185 2207 4244 stabilitae
2260 4187 2372 4240 sint
2405 4186 2460 4240 iu
2509 4185 2614 4240 illis
2635 4192 2951 4242 sanctorum
3008 4186 3206 4246 domus
3238 4197 3296 4242 et
3332 4202 3526 4242 eorum

1947 4274 2043 4348 qui
2073 4276 2375 4334 Salvatoris
2425 4290 2621 4330 nomen
2654 4274 2976 4346 glorificant.
3018 4274 3141 4331 Uno
3168 4273 3334 4330 verbo
3362 4277 3527 4330 innn-

1949 4384 2100 4425 mera
2131 4367 2237 4422 alia
2262 4374 2474 4437 patrata
2505 4375 2639 4422 sunt
2657 4366 2924 4422 miracula
2955 4367 3012 4423 in
3044 4367 3256 4422 sanctis
3280 4369 3526 4436 templis,

273 4465 575 4533 μυστηρίου
620 4464 718 4531 τῆς
767 4461 989 4531 χάριτος
1025 4454 1120 4510 τοῦ
1151 4455 1300 4511 λύειν
1343 4472 1403 4509 τε
1461 4456 1554 4508 καὶ
1598 4454 1843 4525 δεσμεῖν.
1875 4442 1926 4504 D
1953 4462 2008 4516 in
2040 4460 2250 4516 sanctis
2299 4458 2481 4529 aquis,
2521 4459 2576 4512 in
2607 4457 2813 4514 sanctis
2843 4457 3196 4545 imaginibus,
3231 4457 3283 4512 iu
3321 4460 3532 4516 sauciis

270 4556 369 4608 καὶ
416 4554 506 4606 διὰ
534 4553 627 4605 τού
654 4554 836 4622 μένειν
871 4548 1207 4621 διωκομένην
1230 4547 1331 4619 τὴν
1373 4547 1726 4617 Ἐκκλησίαν,
1750 4545 1847 4600 καὶ

270 4646 440 4716 μέσον
471 4638 639 4697 οὖσαν
663 4644 772 4696 τῶν
802 4641 975 4695 έθνῶν
1005 4638 1344 4711 μισουμένην
1376 4637 1472 4690 καὶ
1509 4635 1844 4706 θλιδομένην

270 4737 413 4790 κατὰ
442 4737 542 4807 τὴν
577 4736 976 4806 προαγόρευσιν
1009 4732 1118 4788 τῶν
1150 4731 1310 4785 θείων
1355 4730 1529 4797 λόγων
1559 4728 1748 4792 αὑτοῦ,
1777 4727 1846 4781 δι’

268 4823 347 4883 ὧν
371 4831 467 4881 καὶ
501 4829 600 4898 τήν
633 4827 909 4898 βασιλείαν
937 4825 1125 4889 αὐτοῦ,
1157 4823 1232 4886 ὡς
1263 4821 1389 4892 ἔφη,
1425 4821 1736 4890 έλπίζομεν.
1773 4819 1848 4874 Τὸ

274 4925 460 4993 μεῖζον
482 4922 542 4974 δέ
563 4938 649 4989 γε,
681 4922 764 4975 ὃτι
790 4917 885 4972 καὶ
903 4920 1071 4989 χωρὶς
1096 4918 1392 4987 μαχαίρας,
1419 4915 1586 4986 χωρίς
1600 4930 1659 4966 τε
1684 4929 1847 4982 στρα-

274 5015 590 5082 τευμάτων,
621 5012 716 5066 καὶΙ
742 5012 909 5081 χωρὶς
938 5011 1204 5081 βασιλέων
1231 5005 1677 5076 στρατευομένων
1704 5003 1848 5075 ὑπὲρ

277 5109 469 5171 αὐτοῦ,
523 5106 590 5160 δι’
621 5107 823 5161 ἀλιέων
857 5105 953 5158 καὶ
990 5102 1256 5172 πενήτων,
1305 5098 1670 5168 διωκομένων,
1709 5097 1848 5150 ἀπο·

275 5192 643 5264 θνησκόντων,
697 5193 944 5256 ίδιωτῶν,
979 5191 1380 5259 ἀγραμμάτων,
1414 5187 1842 5257 λοιδορουμένων

272 5285 370 5339 καὶ
400 5284 929 5355 καταφρονουμένων
982 5280 1049 5334 δι’
1101 5281 1286 5340 αὐτὸν,
1333 5280 1542 5342 πάντας
1599 5281 1843 5350 νικῆσαι,

277 5379 376 5432 καὶ
402 5378 470 5431 τά
499 5376 708 5446 μεγάλα
737 5373 1182 5445 κατωρθωκέναι.
1228 5370 1390 5425 ’Δλλά
1428 5371 1525 5424 καὶ
1553 5373 1615 5425 τὸ
1662 5372 1848 5441 μένειν

279 5471 452 5525 αὐτοῦ
477 5470 577 5541 τὴν
617 5469 950 5538 Ἐκκλησίαν
996 5468 1120 5535 δίχα
1152 5465 1420 5534 κοσμικῆς
1446 5463 1540 5519 νῦν
1576 5462 1847 5531 ἐξουσίας,

280 5564 622 5634 διωκομένην
654 5563 786 5636 παρ’
834 5561 1066 5631 ἐχθρῶν,
1097 5560 1234 5628 ὅπερ
1265 5557 1355 5611 καί
1396 5559 1506 5619 τοῖς
1540 5557 1751 5618 πολλοῖς
1778 5555 1846 5610 ἀν

281 5655 571 5727 νομισθείη
600 5656 876 5719 ἀσθένεια,
910 5653 1139 5720 δύναμις
1169 5650 1331 5703 αὐτοῦ
1364 5647 1563 5717 μᾶλλον
1591 5647 1687 5700 καὶ
1717 5648 1850 5715 κρά-

280 5763 372 5810 τος
409 5746 559 5800 έσται
594 5745 799 5817 σαφῶς.
826 5744 940 5800 'iva
968 5741 1044 5814 μὴ
1068 5739 1412 5811 καυχήσηται
1437 5736 1670 5822 (Παύλός
1695 5737 1851 5809 φησι)

1952 4551 2201 4621 reliquiis
2232 4565 2354 4620 quae
2394 4548 2694 4604 manebant
2749 4551 2908 4620 plcue
2956 4550 3290 4622 incorruptae
3315 4559 3368 4606 et
3398 4567 3529 4606 sua·
3580 4614 3588 4623 ‚

1948 4642 2236 4700 vissimum
2281 4640 2539 4699 efflabant
2566 4641 2809 4696 odorem.
2862 4641 2929 4694 Et
2960 4640 3189 4710 insuper
3226 4640 3281 4696 in
3318 4651 3526 4714 myste-

1952 4726 2040 4792 1·Ξὸ
2060 4736 2249 4807 gratlae
2293 4749 2418 4805 quae
2462 4733 2627 4790 solvit
2656 4741 2709 4788 et
2735 4733 2902 4806 Ιίςεις
2944 4733 3000 4788 in
3028 4748 3096 4790 eo
3147 4735 3291 4805 quod
3345 4744 3529 4790 maaet

1952 4827 2195 4883 Ecclesia
2217 4827 2522 4898 proscripta
2546 4835 2601 4881 et
2625 4826 2782 4896 quasi
2818 4825 3078 4882 exsulans
3105 4825 3165 4884 in
3197 4825 3374 4882 medio
3393 4841 3531 4897 gen·

1955 4919 2089 4975 tium
2115 4933 2234 4989 quae
2248 4932 2368 4972 eam
2390 4917 2623 4973 oderunt
2645 4924 2700 4972 et
2719 4916 3062 4982 conculcant,
3089 4926 3148 4971 ut
3195 4919 3533 4987 adimplean-

1955 5019 2043 5066 tur
2101 5025 2388 5066 sermones
2440 5009 2558 5080 ejns
2613 5008 2784 5082 disiui
2833 5009 3035 5079 quibus
3083 5010 3245 5063 etiam
3307 5025 3531 5079 sperare

1927 5103 2198 5174 jubemur
2228 5117 2451 5174 regnum
2488 5101 2629 5170 eius.
2673 5101 2813 5158 illud
2878 5110 3057 5158 autem
3122 5102 3362 5156 maxime
3414 5110 3528 5156 stu-

1947 5195 2188 5266 pendum
2211 5195 2354 5264 quod
2377 5195 2583 5264 absque
2615 5195 2912 5255 machaera,
2936 5195 3145 5263 absque
3170 5193 3530 5257 exercitibus,

1956 5296 2011 5343 et
2038 5285 2243 5355 absque
2275 5283 2499 5354 regibus
2537 5297 2638 5353 pro
2680 5283 2773 5340 illo
2824 5283 3195 5355 pugnantibus
3231 5297 3328 5350 per
3353 5281 3533 5349 pisca·

1957 5386 2101 5433 tores
2137 5375 2389 5437 miseros,
2423 5371 2652 5441 ejectos.
2685 5374 2924 5438 occisos.
2975 5374 3315 5441 ignorantes,
3363 5369 3526 5424 diffa-

1958 5475 2136 5521 matos
2184 5475 2239 5520 et
2281 5472 2626 5532 contemptos
2678 5473 2901 5533 propter
2950 5463 3150 5531 ipsum,
3183 5474 3373 5515 omues
3407 5459 3530 5513 vin-

1956 5570 2079 5611 cere
2107 5564 2161 5609 οι
2184 5569 2377 5626 magua
2412 5555 2649 5624 dirigere
2684 5553 2878 5624 potuit.
2913 5551 3047 5605 Dum
3079 5560 3262 5605 autem
3284 5548 3525 5604 eccle-ia

1955 5646 2074 5716 cius
2104 5644 2250 5699 omni
2287 5653 2469 5699 manet
2510 5645 2781 5698 mundana
2812 5643 3121 5700 substantia
3164 5650 3219 5697 et
3259 5649 3531 5712 potestate

1960 5736 2245 5805 desumi&
2302 5734 2648 5812 tib-inimicis
2708 5737 2925 5811 repulsa
2955 5747 3012 5797 et
3045 5736 3182 5786 eim
3298 5735 3440 5774 ’ΜΔ
3498 5747 3527 5758 -
