3784 6125
256 290 365 353 599

1072 282 1464 348 SYMEONIS
1499 278 2255 343 Tt-lESSALONtcENSIS
2310 276 2659 342 AncntEP.
3406 270 3518 332 too

255 405 380 460 talis
408 416 507 473 pro
530 400 685 457 nobis
737 409 818 455 est
873 414 1003 454 caro
1057 399 1255 467 factus,
1291 399 1543 470 set-vique
1589 396 1822 453 formam
1853 398 1901 457 Α
1932 396 2191 468 σαμίνου,
2233 396 2328 452 καὶ
2354 394 2574 467 θνητοῦ,
2609 393 2711 449 καὶ
2762 391 2906 445 κατὰ
2933 386 3004 443 τὰ
3038 360 3323 459 κτίσματα
3351 399 3521 453 γεγο-

250 502 306 549 ει
329 493 578 549 mortalis
610 492 855 557 indutus,
876 500 930 547 et
963 490 1264 547 secundum
1283 499 1565 547 creaturas
1593 488 1823 545 effectus
1931 490 2105 556 νότος,
2128 488 2224 543 καὶ
2254 486 2472 557 ἀληθῶς
2505 482 2801 556 ἀνθρώπου
2842 479 3211 548 δεδειγμένου,
3240 477 3337 530 καὶ
3359 475 3521 529 τεθυ-

252 595 414 653 atque
444 597 569 638 vere
602 583 766 638 homo
818 583 1248 649 demonstratus,
1302 590 1357 637 et
1386 597 1484 653 pro
1517 580 1674 637 nobis
1722 580 1824 635 im-

253 674 503 728 molatus.
534 672 688 729 Unde
719 672 951 728 stultitia
986 672 1207 744 quidem
1252 681 1374 729 erat
1415 680 1662 729 nostrum
1702 679 1826 725 ten·

256 776 455 830 tamen,
493 782 603 837 quo
659 767 976 822 volebamus
1025 765 1140 821 lieri
1196 765 1331 821 deos
1384 772 1441 820 et
1496 761 1825 833 transgredi,

255 858 519 928 siquidem
578 857 914 926 impossibile
939 864 1024 913 est
1057 871 1158 912 nos
1188 855 1278 929 qui
1305 863 1572 912 creaturae
1609 868 1827 923 sumus,

254 948 390 1004 deos
457 946 956 1004 lieri.OEconomia
1015 962 1142 1004 vero
1185 946 1277 1003 Dei
1319 946 1505 1012 Verbi,
1566 955 1826 1017 tanquam

254 1039 426 1095 solius
465 1039 880 1111 omnipotentis,
918 1053 1045 1095 vera
1071 1038 1171 1094 suit
1213 1047 1267 1094 et
1298 1039 1469 1106 bona,
1494 1049 1826 1109 propterque

255 1137 498 1184 nostram
531 1131 784 1186 salutem.
821 1126 1158 1186 Undenobis
1194 1145 1408 1186 summe
1470 1130 1686 1185 unitum
1719 1138 1826 1198 est,

255 1221 397 1290 quod
433 1234 598 1290 supra
637 1237 738 1276 nos
776 1230 917 1288 erat,
944 1230 1000 1277 et
1025 1235 1190 1277 carne
1224 1235 1321 1291 pro
1353 1219 1515 1276 nobis
1556 1229 1829 1276 mortuum

256 1323 363 1379 est,
392 1314 536 1384 quod
570 1323 688 1370 erat
735 1330 1009 1370 summum
1042 1315 1306 1372 bonitatis
1342 1331 1359 1382 ;
1396 1323 1452 1370 et
1508 1313 1835 1370 immortali·

259 1413 425 1459 tatem
457 1420 520 1459 ac
551 1404 778 1461 Deitatis
818 1407 1045 1476 gloriam
1076 1421 1174 1477 per
1207 1421 1361 1463 suam
1405 1419 1634 1462 mortem
1673 1406 1832 1462 nobis

258 1494 532 1564 praestitit.
594 1496 869 1553 Videtisne
907 1509 1172 1568 quantum
1230 1499 1593 1569 mysterium?
1621 1498 1827 1554 Deinde

262 1586 321 1642 tit
353 1586 496 1643 sacri
523 1586 714 1643 fractio
746 1589 939 1659 panis:
968 1600 1189 1660 propter
1220 1606 1320 1646 nos
1351 1591 1499 1646 euim
1535 1590 1593 1645 lit
1631 1589 1829 1647 fractio

261 1679 382 1748 ejus
414 1678 508 1749 qui
535 1679 805 1750 infragilis
829 1690 934 1748 est,
987 1689 1046 1735 nt
1075 1696 1269 1737 omnes
1298 1681 1473 1752 ipsius
1506 1682 1682 1738 simus
1709 1696 1835 1751 par-

1935 582 2097 651 μένου
2150 576 2509 650 ὑπὶρᾟμῶν.
2563 575 2731 632 Ὅθεν
2794 571 3080 645 ἀφροσύνη
3117 572 3214 643 μὲν
3253 569 3289 640 ἡ
3355 565 3521 637 ἡμῶν

1933 673 2272 743 δγχείρησις,
2312 669 2379 725 τδ
2404 668 2732 741 βουληθῆναι
2770 668 3032 736 γενέσθαι
3069 665 3231 726 θεοὺς
3262 661 3361 716 καὶ
3410 676 3522 712 πα-

1937 767 2205 840 ραδῆναι·
2246 764 2328 818 δτι
2374 764 2472 819 καὶ
2523 761 2789 817 ἀδύνατον
2842 758 3098 831 γενέσθαι
3163 756 3323 821 θεοὺς
3368 753 3522 823 ημᾶς

1934 858 2213 927 κτίσματα
2263 856 2447 919 ὄντας.
2492 852 2558 908 Ἠ
2595 851 2880 923 οίκονομία
2915 852 2972 906 δὲ
3020 850 3116 905 τοῦ
3146 846 3287 903 Θεοῦ
3319 846 3519 916 Λόγου,

1934 950 2011 1014 ὡς
2044 945 2456 1016 παντοδυνάμου
2494 944 2686 1016 μόνου,
2720 944 2926 1015 ἀληθής
2964 960 3025 998 τε
3058 942 3154 997 καὶ
3192 938 3400 1009 ἀγαθὴ,
3427 935 3524 991 καὶ

1937 1037 2077 1107 ὑπὲρ
2108 1036 2206 1106 τῆς
2232 1034 2393 1107 ἡμῶν
2430 1033 2726 1104 σωτηρίας.
2782 1032 2947 1088 Ὅθεν
2978 1032 3074 1085 καὶ
3097 1028 3285 1102 ηνώθη
3326 1027 3519 1094 ἄκρως

1936 1130 2087 1201 ἡμῖν,
2119 1129 2256 1197 ὅπερ
2306 1127 2447 1196 ὑπὲρ
2501 1126 2652 1197 ἡμᾶς
2688 1121 2790 1195 ἦν·
2833 1124 2931 1188 καὶ
2990 1121 3229 1177 ἀπέθανε
3256 1118 3328 1174 δι’
3361 1118 3520 1188 ἡμᾶς

1938 1218 2125 1287 σαρκὶ,
2161 1217 2299 1288 ὅπερ
2329 1211 2400 1288 ἦν
2450 1216 2512 1269 το
2537 1215 2706 1290 ἄκρον
2753 1215 2855 1284 τῆς
2885 1212 3260 1282 ἀγαθὸτητος·
3291 1210 3391 1263 καὶ
3421 1208 3520 1278 τὴν

1939 1305 2240 1361 ἀθανασίαν
2268 1307 2365 1360 καὶ
2392 1305 2495 1377 τὴν
2520 1304 2619 1377 τῆς
2644 1304 2909 1375 Θεότητος
2932 1303 3089 1369 δόξαν
3112 1301 3206 1356 διὰ
3225 1299 3323 1354 τοῦ
3359 1298 3522 1352 θανά·

1938 1415 2032 1451 του
2062 1397 2231 1453 αὑτοῦ
2270 1399 2402 1469 ἡμῖν
2462 1399 2819 1471 ἐχορήγησεν.
2859 1396 3060 1468 Ὁρᾶτε
3112 1395 3178 1449 τδ
3212 1391 3517 1464 μυστήριον

1940 1492 2101 1560 ὃσον;
2156 1485 2289 1547 Εἶτα
2314 1492 2345 1544 ὁ
2401 1490 2667 1562 μελισμδς
2707 1488 2805 1543 τοῦ
2863 1487 3015 1558 ίεροῦ
3076 1487 3247 1557 ἂρτου
3282 1484 3515 1553 γίνεται.

1956 1581 2126 1654 ’Υπὲρ
2159 1582 2315 1654 ἡμῶν
2331 1581 2441 1654 γὰρ
2464 1582 2751 1654 μερίζεται
2776 1583 2806 1636 ὁ
2835 1579 3155 1650 ἀμέριστος,
3189 1577 3277 1631 ῖνα
3317 1576 3520 1637 πάντες

1943 1673 2107 1727 αὐτοῦ
2142 1674 2458 1745 μετέχωμεν
2479 1689 2494 1705 ·
2533 1674 2631 1728 καὶ
2646 1669 2950 1741 ἀδιαίρετος
2977 1667 3075 1734 ὢν,
3101 1667 3171 1722 δι’
3199 1665 3354 1738 ἡμᾶς
3381 1663 3517 1717 διαι-

267 1770 459 1839 ticipes
485 1786 504 1837 ;
528 1779 583 1825 et
611 1771 703 1839 qui
736 1770 1082 1827 indivisibilis
1103 1781 1209 1838 est,
1241 1786 1338 1841 pro
1362 1771 1522 1827 nobis
1544 1770 1834 1839 dividitur,
1870 1754 1913 1810 Β
1944 1766 2300 1837 ρεῖταιζὲνῶν
2328 1764 2475 1836 ἡμᾶς
2501 1762 2701 1833 ἑαυτῷ.
2745 1764 2842 1816 καὶ
2869 1761 2928 1814 ἓν
2957 1759 3156 1825 πῦῑῶν,
3183 1756 3381 1823 &²³⁸9
3408 1750 3509 1822 qb·

267 1860 369 1916 sibi
402 1875 504 1917 nos
534 1863 747 1929 uniens,
776 1872 852 1929 et,
877 1864 1018 1919 sicut
1069 1874 1341 1930 oraverat,
1384 1879 1556 1919 unum
1611 1864 1837 1921 faciens.

270 1954 368 2010 Est
388 1964 568 2011 autem
607 1955 792 2012 calicis
821 1956 1082 2011 adunatio
1130 1955 1299 2011 divini
1332 1956 1490 2026 panis
1523 1955 1577 2011 in
1611 1955 1840 2012 calicem

273 2042 626 2111 introductio,
652 2046 909 2115 quoniam
947 2061 1090 2102 uuus
1132 2053 1218 2102 est
1269 2043 1549 2112 Clu-istus,
1606 2045 1737 2103 licet
1785 2047 1842 2103 itt

270 2135 440 2192 calice
469 2152 715 2207 paneque
761 2138 1032 2205 videatur,
1087 2146 1142 2194 et
1177 2138 1317 2194 idem
1370 2138 1445 2195 sit
1500 2152 1600 2208 per
1643 2152 1843 2210 panem

272 2229 440 2286 robut-
464 2239 517 2285 et
552 2244 648 2300 per
679 2230 904 2286 calicem
923 2229 1136 2286 laetitia.
1170 2228 1284 2285 Pax
1309 2230 1477 2286 etiam
1508 2240 1596 2287 est
1625 2242 1839 2287 nostra.

270 2320 463 2377 Postea
501 2322 559 2376 lit
596 2323 932 2389 communio,
967 2323 1094 2393 quia
1143 2320 1230 2379 liic
1276 2329 1361 2378 est
1416 2323 1658 2379 omnium
1692 2323 1841 2389 linis,

273 2413 365 2468 Dei
418 2415 863 2479 communicatio,
915 2414 1065 2486 quod
1106 2423 1190 2471 est
1239 2428 1454 2471 summe
1514 2415 1716 2471 bonum
1777 2430 1845 2473 ac

271 2504 653 2561 desidet-abile.
687 2504 1003 2560 Secundum
1024 2504 1276 2561 ordinem
1297 2519 1429 2562 vero
1452 2504 1515 2561 tit
1547 2506 1675 2575 ista,
1699 2508 1845 2564 sicut

270 2596 474 2650 dictum
505 2609 608 2659 est,
641 2604 864 2665 propter
894 2594 1093 2650 bonam
1125 2594 1533 2652 ordinationem
1565 2612 1630 2653 ac
1680 2592 1844 2669 iusti·-

273 2687 430 2750 tiam,
452 2686 591 2742 etab
621 2688 921 2743 bumilitate
946 2688 1184 2758 genitam
1213 2688 1468 2757 pietatem
1498 2707 1520 2755 ,·
1544 2691 1848 2763 unusquis-

270 2793 378 2847 que
403 2779 548 2833 enim
584 2777 639 2834 in
665 2793 767 2834 suo
784 2778 998 2843 ordine,
1015 2787 1277 2850 mysteria
1307 2780 1618 2852 participat.
1648 2780 1844 2839 Justus

268 2863 421 2919 enim
453 2878 516 2919 ac
550 2872 732 2921 rectus
766 2880 891 2920 cum
908 2866 979 2920 sit
1004 2865 1286 2936 Dominus,
1310 2869 1365 2924 in
1394 2870 1604 2941 justitia
1641 2879 1846 2927 semet·

275 2957 453 3028 ipsum
480 2955 636 3013 nobis
665 2957 920 3014 omnibus
946 2960 1166 3028 praebet.
1206 2958 1363 3017 Unde
1418 2962 1635 3031 quidem
1693 2962 1848 3021 solus

1945 1860 2090 1927 ξατο.
2143 1861 2206 1915 Ἥ
2230 1860 2323 1915 τοῦ
2358 1859 2621 1931 ποτηρίου
2657 1859 2715 1915 δε
2736 1858 2955 1926 ῑνωσις,
3002 1856 3066 1910 τὸ
3096 1853 3418 1923 είσαγαγεῖν
3453 1850 3513 1903 έν

1940 1955 2019 2025 τῷ
2047 1955 2291 2027 ποτηρίῳ
2315 1955 2406 2008 τδν
2435 1955 2576 2016 θεῖον
2598 1953 2783 2024 ἄρτον,
2808 1954 2892 2008 ὃτι
2914 1946 2996 2014 εἷς
3029 1953 3181 2004 ἐστιν
3201 1950 3230 2003 ὁ
3254 1942 3512 2017 Χριστὸς,

1944 2047 1994 2099 εί
2028 2047 2122 2100 καὶ
2147 2047 2205 2100 έν
2230 2046 2471 2117 ποτηρίῳ
2498 2046 2595 2100 καὶ
2617 2045 2767 2116 ἄρτῳ
2806 2042 3142 2114 καθορᾶται·
3176 2043 3276 2095 καὶ
3296 2037 3326 2090 ὁ
3354 2034 3516 2099 αὐτὸς

1946 2138 2249 2209 στηριγμός
2280 2154 2341 2192 τε
2366 2138 2454 2191 διὰ
2486 2136 2579 2191 τοῦ
2609 2136 2799 2208 ἄρτου,
2822 2137 2919 2189 καὶ
2957 2130 3274 2204 εὐφροσύνη
3301 2130 3393 2183 διὰ
3420 2121 3515 2181 τοῦ

1944 2230 2205 2301 ποτηρίου
2225 2245 2242 2262 ·
2272 2230 2367 2285 καὶ
2393 2230 2587 2301 είρήνη
2617 2227 2774 2299 ἡμῶν
2803 2229 2937 2282 ἐστι.
2961 2225 3119 2280 Μετὰ
3149 2224 3311 2278 τοῦτο
3340 2224 3374 2294 η
3397 2238 3517 2291 κοι-

1944 2324 2131 2391 νωνία,
2163 2326 2245 2379 δ’τι
2272 2322 2430 2378 τοῦτο
2485 2322 2642 2386 τέλος
2685 2321 2966 2383 ἁπάντων,
2999 2320 3033 2389 ἠ
3064 2315 3204 2372 Θεοῦ
3236 2314 3510 2379 κοινωνία,

1946 2414 2134 2470 καὶτὸ
2161 2414 2346 2483 ἄκρως
2376 2412 2534 2467 τοῦτο
2587 2412 2793 2481 ἀγαθόν
2846 2429 2907 2466 τε
2948 2413 3043 2468 καὶ
3089 2410 3309 2479 ὲφετόν.
3360 2408 3515 2463 Κατὰ

1945 2508 2097 2574 τάξιν
2142 2507 2201 2563 δὲ
2228 2508 2323 2561 καὶ
2371 2506 2537 2580 αὕτη,
2586 2507 2663 2570 ὠς
2711 2505 3146 2578 προειρήκαμεν,
3181 2492 3396 2574 γίνεται
3428 2501 3512 2557 διὰ

1943 2601 2045 2670 τὴν
2074 2599 2327 2666 εὐταξίαν
2358 2614 2417 2653 τε
2463 2599 2560 2652 καὶ
2609 2596 2979 2669 δικαιοσύνην,
3018 2597 3117 2651 καὶ
3143 2595 3245 2668 τὴν
3278 2595 3397 2651 ἀπὸ·
3415 2593 3513 2666 τῆς

1944 2691 2450 2761 ταπεινοφροσύνης
2491 2690 2797 2746 εὐλάδειαν.
2835 2691 3107 2752 Ἕκαστος
3163 2688 3276 2758 γὰρ
3331 2689 3391 2742 ἂν
3435 2685 3511 2758 τῷ

1944 2784 2132 2855 οίκείῳ
2152 2783 2393 2855 τάγματι
2410 2783 2628 2855 μετέχει
2652 2782 2761 2836 τῶν
2798 2781 3133 2852 μυστηρίων.
3169 2782 3388 2844 Δίκαιος
3409 2778 3515 2849 γὰρ

1947 2874 2025 2928 ὢν
2057 2874 2149 2928 καὶ
2181 2873 2345 2938 εὐθὺς
2380 2876 2408 2927 ὁ
2461 2874 2688 2945 Κὺριος,
2717 2875 2777 2929 tv
2802 2873 3122 2947 δικαιοσύνῃ
3166 2872 3363 2929 ἑαυτὸν
3391 2874 3513 2945 ἡμῖν

1947 2970 2061 3032 τοῖς
2090 2968 2223 3023 πᾶσι
2246 2967 2494 3038 παρέχει.
2523 2966 2685 3022 Ὅθεν
2714 2967 2812 3021 καὶ
2836 2967 3058 3037 ἁμέσως
3085 2965 3187 3036 μὲν
3205 2966 3398 3020 τούτου
3426 2966 3513 3018 καί

273 3064 336 3105 ac
363 3049 569 3120 primus
593 3049 741 3105 hunc
773 3049 1085 3107 immediate
1111 3052 1400 3125 participat
1431 3054 1696 3126 pontifex,
1730 3058 1845 3115 sie·
1871 3093 1916 3150 C
1953 3060 2111 3129 μόνος
2141 3058 2237 3113 καὶ
2264 3059 2480 3130 πρῶτος
2514 3051 2758 3112 κοινωνεῖ
2787 3060 2816 3112 ὁ
2848 3060 3174 3132 ἀρχιερεύς·
3226 3058 3303 3122 ὡς
3330 3058 3423 3113 καὶ
3454 3059 3511 3112 ἐν

272 3150 333 3197 ut
394 3142 449 3197 in
497 3143 836 3212 archangelis
893 3143 1051 3214 primi
1101 3144 1336 3214 primum
1406 3147 1754 3218 participant,
1791 3159 1847 3205 et
1947 3149 2057 3210 τοῖς
2087 3147 2445 3218 ἀρχαγγέλῠῑς
2491 3148 2542 3200 οἱ
2572 3148 2780 3218 πρῶτοι
2814 3148 3035 3218 πρῶτον
3078 3149 3392 3219 μετέχουσι,
3425 3149 3510 3204 καὶ

270 3249 372 3305 per
400 3235 549 3304 ipsos
603 3235 793 3301 medii,
830 3243 1040 3304 etpost
1100 3237 1252 3306 ipsus
1298 3239 1503 3306 caeteri,
1558 3241 1703 3297 sicut
1772 3242 1851 3299 ait

276 3327 587 3398 Dionysius.
621 3327 775 3384 Unde
802 3328 969 3383 etiam
1024 3345 1119 3401 per
1174 3347 1449 3388 summum
1503 3335 1846 3391 sacerdotem

273 3419 511 3488 episcopi
542 3427 595 3473 et
623 3419 944 3490 presbyteri,
972 3430 1027 3475 et
1058 3436 1155 3492 per
1183 3424 1498 3481 sacerdotes
1525 3427 1848 3496 reliquium·

280 3526 377 3566 nes
464 3512 779 3567 sacerdotes
837 3520 892 3565 et
943 3512 1182 3570 diaconi.
1247 3513 1451 3572 Ultimo
1497 3532 1629 3573 vero
1677 3519 1853 3576 sacris

269 3603 441 3659 divini
478 3605 635 3676 panis
667 3605 910 3676 reliquiis
953 3606 1006 3661 in
1043 3608 1266 3664 calicem
1298 3610 1630 3669 intromissis
1655 3623 1845 3670 osten-

272 3696 424 3752 ditur
464 3697 721 3754 omnibus
769 3699 934 3766 istud,
988 3703 1135 3771 quod
1195 3693 1605 3770 est'Cbristus,
1670 3705 1846 3775 ipsum

273 3785 448 3858 ipsius
478 3802 606 3843 vere
635 3803 836 3860 corpus
892 3799 948 3846 et
998 3790 1246 3862 sanguis,
1299 3807 1423 3863 quae
1467 3804 1689 3865 propter
1745 3811 1847 3854 uos

275 3895 436 3935 suum
463 3883 725 3951 populum
764 3883 1117 3952 peculiarem,
1181 3886 1440 3952 sacravit,
1496 3898 1552 3943 et
1599 3888 1844 3957 gustari,

278 3975 469 4041 videri,
496 3976 753 4047 tangique
776 3978 981 4047 praebet
1004 3992 1070 4031 ae
1087 3976 1384 4036 desiderat.
1415 3979 1632 4039 idcirco
1672 3996 1844 4053 popu·

279 4066 363 4121 lus
391 4077 615 4122 sanctus
650 4081 715 4121 ex
775 4070 955 4125 anima
983 4072 1128 4126 videt
1169 4071 1321 4127 illum
1356 4081 1410 4128 et
1467 4073 1679 4141 adorat,
1707 4083 1762 4130 et
1780 4075 1850 4131 ab

279 4156 397 4226 ipso
424 4155 680 4213 salutaria
712 4161 867 4229 petit,
902 4161 1031 4215 dum
1082 4161 1347 4219 diaconus
1373 4163 1592 4232 quidem
1650 4165 1852 4222 clamat

280 4247 731 4318 progrediendum
781 4265 904 4305 esse
961 4266 1083 4305 cum
1139 4263 1286 4308 metu
1348 4252 1444 4309 Dei
1503 4267 1566 4308 ac
1620 4251 1748 4320 lide,
1781 4269 1852 4311 ne

282 4336 420 4395 l'ortc
458 4341 678 4412 quidam
707 4339 1035 4408 participare
1081 4335 1463 4409 procedentes,
1488 4343 1543 4392 in
1571 4342 1844 4410 judicium

1945 3239 2015 3294 δι’
2046 3239 2228 3293 αὐτῶν
2257 3239 2308 3292 ol
2342 3240 2522 3310 μέσοι,
2561 3240 2659 3295 καὶ
2695 3241 2817 3310 μετ’
2859 3239 3103 3306 ἐκείνους
3134 3243 3185 3294 ol
3215 3241 3413 3303 λοιποὶ,
3443 3240 3509 3303 ὥς

1948 3348 2080 3402 φησι
2109 3331 2405 3396 Διονύσιος.
2449 3330 2615 3386 Ὅθεν
2658 3333 2752 3388 καὶ
2784 3332 2853 3386 δι’
2885 3334 3193 3405 ἀρχιερέως
3232 3333 3509 3389 ἐπίσκοποί

1945 3439 2006 3477 τε
2039 3424 2136 3476 καὶ
2162 3424 2352 3494 ίερεῖς,
2383 3425 2477 3478 καὶ
2503 3423 2592 3478 διὰ
2644 3423 2753 3479 τῶν
2796 3425 2990 3496 ἱερέων
3023 3427 3074 3480 ol
3105 3425 3286 3480 λοιποὶ
3316 3427 3507 3490 πάντες

1949 3515 2114 3584 ίερεῖς
2151 3515 2247 3568 καὶ
2281 3514 2539 3570 διάκονοι.
2573 3514 2844 3588 ’Υστερον
2883 3515 2933 3570 δ’
2953 3515 3111 3582 αὖθις
3137 3519 3524 3591 είσκομισθέν·

1946 3622 2057 3660 των
2088 3605 2196 3660 τῶν
2222 3607 2384 3678 ίερῶν
2416 3606 2689 3680 λειψάνων
2720 3610 2816 3664 τοῦ
2860 3611 3006 3666 θείου
3051 3612 3223 3683 ἄρτου
3261 3615 3320 3668 έν
3340 3612 3417 3684 τῷ
3445 3614 3552 3668 ie·-

1952 3695 2029 3768 ρῷ
2074 3699 2345 3769 ποτηρίῳ,
2373 3697 2645 3753 δείκνυται
2685 3699 2848 3756 τοῦτο
2913 3703 3100 3768 πᾶσιν,
3145 3684 3286 3776 ὅπερ
3322 3707 3463 3760 ἐστὶν
3527 3710 3582 3765 ὁ

1948 3789 2206 3860 Χριστος,
2238 3790 2372 3845 αὐτὸ
2398 3790 2564 3846 αὐτοῦ
2603 3790 2819 3862 ἀληθῶς
2865 3794 2927 3849 τὸ
2964 3794 3126 3867 σῶμα
3172 3799 3267 3853 καὶ
3295 3796 3451 3870 αἷμα.
3519 3800 3589 3856 Ἰ

1947 3879 2038 3934 διὰ
2069 3881 2161 3934 τὸν
2179 3881 2307 3936 λαὸν
2340 3883 2507 3937 αὑτοῦ
2529 3883 2623 3936 τὸν
2654 3885 2963 3954 περιούσιον
2987 3888 3137 3958 ἡμᾶς
3174 3889 3490 3962 ίεροῦργηε·
3523 3911 3588 3945 a

1951 3960 2047 4025 καί
2075 3971 2334 4039 γεύεσθαι
2379 3974 2471 4027 καὶ
2498 3973 2719 4044 βλέπειν
2749 3978 2842 4030 καὶ
2871 3977 3146 4033 ἅπτεσθαι
3183 3980 3408 4054 παρέχει
3479 4000 3589 4034 —t

1950 4060 2051 4115 καὶ
2082 4062 2314 4130 ἐφίεται.
2347 4064 2439 4116 Διὸ
2464 4065 2562 4119 καὶ
2594 4066 2624 4119 ὁ
2646 4065 2791 4136 ίερὸς
2818 4065 2947 4131 λαὸς
2979 4070 3045 4122 ὲκ
3071 4068 3251 4138 ψυχῆς
3274 4073 3374 4140 ὁρᾷ
3396 4087 3589 4125 s:—

1949 4169 2061 4218 τον,
2092 4153 2185 4207 καὶ
2219 4159 2537 4220 προσκυνεῖ,
2566 4160 2661 4208 καὶ
2688 4158 2758 4210 τὰ
2779 4160 2919 4227 προς
2944 4159 3226 4232 σωτηρίαν
3252 4164 3589 4219 αἰτεῖτε-

1949 4241 2042 4299 τοῦ
2067 4242 2316 4297 διακόνου
2348 4243 2447 4314 μὶν
2474 4243 2706 4316 βοῶντος
2724 4247 2788 4302 τὸ
2824 4251 3146 4320 προσελθεῖν
3182 4256 3325 4324 μετὰ
3349 4253 3589 4326 96=

1952 4333 2087 4388 Θεοῦ
2119 4334 2214 4389 καὶ
2265 4335 2524 4400 πίστεως,
2565 4338 2655 4392 ῖνα
2692 4344 2987 4412 μετασχεῖν
3016 4360 3171 4413 τινες
3202 4349 3588 4418 προσελθ-

281 4432 383 4487 sibl
415 4430 746 4500 participent
781 4446 799 4495 ;
830 4442 1078 4484 summus
1129 4445 1261 4485 vero
1322 4429 1578 4486 sacerdos
1628 4446 1851 4502 progre-
1881 4440 1930 4500 ι)
1956 4443 2069 4491 τες.
2101 4426 2177 4497 μὴ
2208 4429 2286 4490 εἰς
2341 4428 2514 4497 κρίμα
2560 4431 2901 4502 μετάσχωσιν
2930 4436 3147 4502 ἑαυτοῖς
3167 4455 3183 4470 ·
3211 4442 3307 4495 τοῦ
3332 4443 3589 4512 ἀρε

281 4521 555 4576 ‹licutibus
577 4516 671 4572 dat
700 4532 794 4588 per
818 4535 1007 4575 ausam
1039 4520 1389 4592 participare.
1416 4520 1481 4575 Et
1503 4521 1608 4576 hoc
1650 4538 1849 4580 secun-

282 4610 410 4665 dum
450 4606 604 4662 isaiae
628 4607 927 4664 visionem:
957 4609 1216 4679 quoniam
1244 4626 1351 4664 nou
1384 4626 1580 4667 omnes
1612 4619 1850 4682 oportet,

285 4707 346 4755 ut
376 4698 577 4753 dictum
605 4706 709 4765 est,
740 4699 1051 4755 immediate
1075 4700 1387 4755 divinorum
1439 4716 1503 4757 ac
1543 4704 1855 4758 tremendo·

286 4806 409 4846 rum
434 4804 557 4847 esse
599 4791 941 4863 participes;
997 4801 1052 4848 et
1111 4794 1369 4861 quoniam
1430 4810 1594 4866 super
1651 4798 1854 4855 divinia

293 4883 471 4938 vereri
533 4883 1197 4954 circumspectionemque
1231 4894 1416 4942 tenere
1464 4902 1692 4945 necesse
1746 4899 1852 4946 est.

291 4974 348 5029 Si
388 4973 687 5029 Cherubim
728 4987 1104 5042 revereantur,
1136 4984 1342 5045 quanto
1370 4978 1548 5047 magis
1565 4995 1668 5036 nos
1690 4995 1854 5052 opor·

288 5075 363 5122 tet
390 5065 649 5131 revereri,
696 5080 820 5120 cum
857 5065 1022 5120 etiam
1083 5068 1137 5121 in
1195 5066 1283 5124 his
1354 5083 1464 5124 non
1525 5080 1732 5142 typum,
1758 5073 1852 5129 scd

287 5157 459 5227 ipsam
496 5158 777 5213 vet-itatem
819 5157 1235 5227 conspicimus?
1261 5161 1388 5217 {deo
1422 5162 1489 5216 ad
1540 5164 1852 5233 pontificem

288 5248 369 5303 vel
435 5248 773 5303 sacerdotem
855 5248 1038 5304 divina
1100 5252 1359 5322 mysteria
1431 5254 1853 5309 distribuentem

287 5346 502 5408 oportet
544 5341 934 5406 procedentem
962 5341 1029 5395 ad
1064 5343 1578 5399 communicandum
1625 5344 1858 5402 adorare

283 5440 342 5485 et
420 5432 636 5486 veniam
694 5433 1062 5503 expostulare,
1149 5444 1404 5503 tanquam
1466 5436 1536 5492 ab
1603 5438 1857 5495 omnibus

286 5522 540 5578 fidelibus
565 5523 759 5592 prius-3
794 5533 850 5579 et
879 5525 1055 5591 ipsum
1090 5523 1144 5577 in
1193 5525 1364 5581 calice
1399 5527 1671 5583 viventem
1728 5545 1851 5585 cum

292 5613 553 5681 sanguine
584 5627 797 5682 panem,
843 5630 1018 5685 usque
1047 5615 1114 5670 ad
1144 5618 1319 5673 solum
1337 5634 1398 5673 ex
1420 5618 1606 5680 auimo
1631 5630 1850 5691 oportet

288 5700 539 5762 adorate.
571 5710 625 5758 et
663 5702 745 5757 sic
766 5718 962 5761 manus
997 5705 1051 5761 in
1096 5722 1314 5765 crucem
1348 5708 1626 5780 colligere,
1658 5711 1849 5770 inser-

1953 4517 2091 4589 ρέως
2111 4518 2169 4571 δὲ
2201 4521 2311 4581 τοῖς
2333 4519 2690 4589 προσελθοῦσι
2716 4524 3040 4592 μεταλαδεῖν
3058 4528 3292 4592 διδόντος
3315 4531 3400 4586 διὰ

1951 4609 2093 4673 seso:
2114 4627 2128 4641 ·
2153 4612 2419 4666 καὶτοῦτο
2442 4616 2579 4668 κατὰ
2597 4615 2695 4688 τὴν
2707 4617 2975 4674 ὀπτασίαν
2992 4620 3088 4677 τοῦ
3107 4620 3589 4697 ιι3Ἥσα,

1952 4703 2035 4756 ὅτι
2084 4702 2145 4755 οὐ
2209 4707 2312 4774 χρὴ
2376 4705 2580 4769 πάντας
2643 4708 2865 4778 ἁμέσως
2915 4714 3187 4784 μετέχειν,
3235 4717 3311 4780 ὡς
3366 4706 3589 4785 εῖ-,“

1951 4811 2062 4854 ται.
2110 4796 2219 4848 τῶν
2280 4796 2438 4850 θείων
2494 4815 2554 4852 τε
2585 4801 2680 4852 καὶ
2710 4803 2956 4870 φρικτῶν
2976 4820 2989 4835 ·
3022 4809 3132 4866 καὶ.
3182 4809 3265 4863 ὃτι
3293 4810 3379 4861 ἐπὶ
3403 4814 3589 4860 Ξ.

1954 4887 2116 4959 θείοις
2146 4887 2492 4946 εὐλαόεἶσθαι
2531 4891 2613 4946 δεῖ
2647 4896 2741 4946 καὶ
2790 4896 3197 4953 συστέλλεσθαι.
3230 4901 3333 4953 Καὶ
3360 4900 3408 4952 εί

1953 4979 2238 5051 Χερουδὶμ
2260 4981 2572 5052 ηὐλαδείτο,
2598 4985 2778 5056 πολλῷ
2798 5002 2862 5054 γε
2887 4988 3091 5059 μᾶλλον
3109 4991 3259 5061 ἡμᾶς
3276 4980 3589 5045 sivla&

1955 5072 2077 5126 σθαι
2107 5073 2246 5146 χρὴ,
2297 5076 2393 5129 καὶ
2422 5076 2594 5129 ταῦτα
2626 5078 2687 5130 οὐ
2716 5077 2910 5144 τύπον,
2949 5081 3090 5134 ἀλλὰ
3134 5082 3235 5155 τὴν
3265 5084 3589 5155 alfio&

1953 5164 2193 5234 ὁρῶντας
2218 5165 2412 5237 αὐτὴν.
2453 5166 2546 5221 Διδ
2595 5169 2687 5221 τόν
2733 5186 2795 5223 τε
2817 5171 3052 5242 νέμοντα
3086 5174 3406 5248 ίεράρχηνῆ
3563 5189 3588 5227 A

1958 5253 2055 5325 ρέα
2082 5255 2149 5309 τὰ
2169 5255 2288 5311 θεῖα
2318 5260 2594 5328 μυστήρια
2656 5259 2739 5314 δεῖ
2759 5261 2853 5315 τὸν
2886 5268 3323 5336 προσερχόμενον
3356 5264 3589 5336 μβ

1955 5347 2164 5412 λαδεῖν,
2190 5353 2516 5420 προσκυνεῖν
2551 5353 2646 5405 καί
2681 5354 3033 5426 συγχώρησιν
3061 5360 3577 5426 ἐξαιτεῖσθαι...-

1956 5439 2049 5492 καὶ
2071 5443 2223 5509 παρὰ
2254 5442 2362 5493 τῶν
2387 5444 2595 5497 πιστῶν
2638 5445 2856 5499 πάντων
2882 5448 3170 5519 πρότερον.
3211 5452 3323 5506 Καὶ
3362 5432 3589 5504 etz-'⁵¹

1957 5531 2022 5601 δὴ
2048 5533 2138 5585 τὸν
2159 5536 2218 5590 ἰν
2247 5533 2324 5604 τῷ
2362 5536 2609 5607 ποτηρίῳ
2638 5537 2819 5602 ζῶντα
2859 5541 3026 5610 ἄρτον
3054 5545 3198 5613 μετὰ
3233 5545 3329 5599 τοῦ
3356 5529 3589 5598 αξξ-’μ

1955 5639 2046 5688 τος
2096 5623 2254 5694 ἄχρις
2291 5627 2523 5696 ἐδάφους
2568 5629 2845 5702 ὁλοψύχως
2877 5631 2961 5686 δεῖ
3018 5638 3383 5706 προσκυνεῖν·
3519 5634 3589 5674 ¹⁰¹

1957 5714 2102 5773 οὕτω
2124 5719 2222 5784 τὰς
2255 5723 2446 5788 χεῖρας
2477 5722 2702 5790 δεσμεῖν
2738 5725 3053 5793 σταυρικῶς
3080 5729 3163 5792 είς
3180 5728 3408 5795 ἔνδειξιν
3478 5716 3574 5782 *ἦν’
