3784 6125
248 218 360 284 973

1584 242 1682 305 DE
1729 243 2209 309 SACEttDOTto

3415 256 3525 326 on

251 334 333 404 τῷ
356 332 578 406 Ῥώμης
608 338 736 409 περὶ
765 335 959 395 τούτου
993 346 1428 422 προθυμουμένῳ
1461 354 1524 407 τὸ
1557 359 1699 408 θεῖον
1730 356 1819 425 ἔρ·
1853 356 1893 411 Α
1925 373 2134 415 summa
2164 378 2289 416 cura
2324 365 2674 422 celebrationi
2722 368 2889 424 «livini
2922 370 3103 438 operis
3176 371 3513 438 invigilabat·

253 442 371 493 γον,
399 428 493 479 καὶ
521 429 582 482 ἐν
607 431 728 493 ταῖς
771 434 1045 502 νηστείαις
1087 439 1147 490 ἐν
1194 442 1258 508 τῇ
1303 443 1401 510 τῆς
1433 442 1656 515 Ῥώμης
1708 448 1833 500 Ἐκ.

253 516 488 588 κλησίᾳζ
519 519 598 585 ὡς
650 522 891 591 λέγεται,
922 527 1134 583 τελείαν
1179 533 1493 603 ἱερουργίαν
1538 536 1834 608 νομοθετή-

254 628 434 675 σαντι,
470 616 565 667 καὶ
599 617 725 686 περί
748 635 894 684 τινος
930 621 1234 679 ἐπισκόπου
1274 628 1431 682 τοῦτο
1464 632 1744 696 ποιοῦντος
1775 633 1837 685 τὸ

255 704 383 758 καθ’
408 706 622 777 ἡμέραν
668 710 975 784 ἱερουργεῖν
1005 716 1341 782 ἐκδιδάξαντι
1363 736 1381 752 ·
1411 721 1471 777 δν
1508 722 1574 793 δὴ
1609 724 1834 778 ὲπίσκο·

254 813 361 850 πον
387 800 438 853 ot
478 805 765 872 κορυφαῖοι
796 807 938 860 κατὰ
971 810 1070 879 τὴν
1103 813 1283 866 αὐτῶν
1318 816 1539 887 μνήμην
1570 818 1835 886 προσελά-

252 887 433 951 δοντο,
486 893 644 960 φησι,
702 897 842 964 μετὰ
887 898 988 967 τὴν
1027 900 1181 956 θείαν
1221 903 1558 978 ἱερουργίαν,
1605 908 1683 972 ὠς
1720 911 1833 968 ,καὶ

253 978 381 1031 καθ’
415 979 620 1048 ὕπνους
657 985 810 1057 αὐτῷ
840 991 1260 1063 προηγόρευσαν
1284 1010 1300 1027 ·
1344 998 1440 1051 καὶ
1480 1000 1834 1073 Ἀπολλωνίῳ

252 1070 336 1141 τῷ
369 1073 521 1143 ὁσίῳ,
575 1068 639 1130 οὗ
690 1078 787 1133 καὶ
844 1082 895 1134 o!
962 1085 1204 1153 μαθηταὶ
1260 1088 1383 1143 καθ’
1428 1091 1687 1162 ἑκάστην.
1737 1097 1834 1149 καὶ

255 1162 580 1234 ἐερούργουν
630 1167 724 1220 καὶ
775 1172 1025 1240 μετεῖχον
1074 1173 1190 1228 τῶν
1245 1177 1584 1247 μυστηρίων.
1638 1180 1747 1233 Καὶ
1802 1182 1832 1235 ό

255 1253 404 1323 ἱερὸς
436 1254 494 1307 δέ
525 1257 911 1329 Χρυσόστομος
945 1262 1002 1314 ὲν
1029 1262 1206 1334 τούτῳ
1238 1268 1306 1319 τὰ
1329 1269 1429 1336 τῆς
1449 1268 1599 1332 θείας
1628 1288 1834 1339 μυστα-

255 1342 468 1410 γωγίας
490 1347 865 1418 συνεγράψατο
889 1351 985 1405 σὺν
1004 1351 1082 1420 τῷ
1107 1354 1283 1423 Πατρὶ
1307 1356 1596 1428 Βασιλείῳ,
1616 1359 1835 1412 ἐπαινεῖ

252 1452 314 1487 τε
346 1436 472 1489 καθ’
499 1438 712 1509 ἡμέραν
741 1442 868 1504 τοὺς
893 1444 992 1513 τῆς
1025 1447 1314 1509 κοινωνίας
1349 1448 1698 1519 μετέχοντας,
1729 1451 1831 1521 μό-

254 1542 348 1578 νον
377 1527 620 1594 εύλαδῶς
654 1532 751 1585 καὶ
776 1532 961 1602 άξίως,
994 1537 1087 1589 καὶ
1135 1538 1197 1591 ἐν
1240 1538 1364 1603 ταῖς
1409 1540 1724 1606 καθολικαῐς
1774 1543 1832 1598 δέ

1885 495 1894 499 .
1937 459 1991 502 et
2013 450 2220 520 legibus
2269 454 2588 522 providebat
2634 458 2910 527 quomodo
2961 459 3015 514 in
3077 460 3236 515 sestis
3267 460 3521 518 Ecclesia!

1939 538 2199 593 Romana·
2230 542 2524 600 aliern-tur
2552 547 2906 612 sacrificium,
2940 557 2997 602 et
3026 550 3321 605 occasione
3342 549 3520 605 alicu·

1931 634 2023 700 jus
2056 633 2308 706 Episcopi
2340 639 2432 705 qni
2462 639 2707 708 quotidie
2739 641 3050 696 celebrabat
3090 641 3414 697 decreverat
3440 641 3515 697 ita

1937 724 2270 791 saciendmm
2293 728 2491 784 deinde
2519 734 2693 787 sancti
2728 732 3022 801 Apollonii,
3065 734 3226 801 cujus
3256 732 3535 803 discipuli

1936 831 2152 871 sacrum
2184 818 2532 876 celebrabant
2558 822 2801 892 quotidie
2834 823 3157 878 sacrificium
3190 831 3245 877 et
3271 838 3517 879 commu·

1936 907 2196 963 nicnbant
2216 911 2424 965 sanctis
2455 915 2765 983 mysteriis.¹
2778 913 2841 969 Et
2857 923 3080 970 sanctus
3094 913 3517 986 chrysostomus

1936 998 1991 1052 in
2027 999 2134 1055 hoc
2164 1004 2305 1070 quod
2336 1005 2401 1059 ad
2429 1020 2637 1060 sacram
2665 1008 3054 1078 mystagogiam
3106 1017 3321 1077 spectat
3375 1023 3517 1062 con·

1934 1091 2100 1146 sentit
2160 1093 2304 1149 Patri
2336 1095 2537 1151 Basilio
2586 1115 2600 1151 t
2664 1098 2960 1168 laudatque
3016 1114 3112 1154 eos
3137 1099 3231 1170 qui
3272 1099 3517 1169 quotidie

1933 1186 2303 1242 communioni
2334 1190 2684 1260 participant.
2736 1191 2898 1245 modo
2929 1192 3015 1260 pie
3058 1192 3329 1262 digneque
3369 1191 3518 1248 acci·

1932 1275 2107 1345 piant,
2131 1278 2267 1332 etin
2323 1281 2568 1335 ecclesiis
2595 1282 2882 1338 catholicis
2916 1292 2972 1337 et
3020 1284 3222 1353 ubique
3267 1284 3375 1338 illis
3424 1284 3514 1351 qui

1933 1376 2190 1438 satagunt
2209 1371 2452 1437 quotidie
2472 1372 2749 1427 celebrare
2772 1389 2993 1446 munera
3023 1377 3312 1429 traduntur
3336 1375 3522 1430 initia-

1936 1457 2120 1513 tionis.
2158 1459 2232 1515 Ne
2268 1472 2449 1516 autem
2485 1462 2810 1532 quibusdam
2838 1476 3166 1533 praepostero
3196 1464 3402 1518 dictum
3439 1460 3520 1517 vi·

1932 1548 2128 1603 dentur
2148 1565 2163 1617 3
2186 1565 2312 1606 nam
2342 1562 2399 1606 et
2432 1553 2487 1607 iu
2514 1554 2717 1609 mundo
2739 1555 2929 1609 vivunt
2959 1556 3052 1610 tali
3083 1554 3385 1611 ministerio
3414 1552 3522 1608 ini·

269 1615 621 1689 Ἐκκὶηοίαῑς
683 1622 780 1678 καὶ
849 1628 1128 1697 πανταχοῦ
1187 1632 1305 1695 τοῖς
1361 1632 1831 1704 προθυμουμένοις
1935 1641 2053 1695 tiati
2083 1642 2391 1699 habitantes
2417 1659 2540 1700 cum
2571 1646 2874 1711 uxoribus3
2924 1654 2980 1701 et
3024 1645 3307 1702 monachis
3356 1645 3517 1699 etiarn

257 1711 387 1764 καθ’
446 1713 686 1785 εκάστην
741 1717 1080 1788 ἐνεργεῖσθαι
1149 1724 1219 1777 τά
1272 1727 1374 1795 τῆς
1438 1727 1830 1795 μυσταγωγίας

258 1805 642 1872 παραδέδοται.
678 1808 793 1863 Ἵνα
840 1812 900 1866 δέ
932 1814 1008 1884 μή
1044 1831 1153 1868 τισι
1196 1815 1259 1869 τὸ
1310 1817 1478 1889 ῥηθὲν
1523 1816 1631 1883 ἔξω
1666 1818 1829 1887 λόγου

256 1896 411 1969 δόξῃ,
450 1898 530 1971 τῷ
575 1901 672 1955 καὶ
725 1907 1028 1973 κοσμικοίις
1090 1903 1187 1977 μὶν
1245 1908 1566 1964 ὑποκεῖσθαι
1615 1912 1710 1965 καὶ
1762 1914 1831 1984 τῇ

259 1992 489 2065 τοιαύτῃ
517 1993 766 2066 διακονίᾳ
795 1997 1010 2065 γυναιξὶ
1050 2000 1351 2068 συζῶντας,
1383 2005 1478 2057 καὶ
1508 2007 1622 2069 τοῖς
1663 2023 1833 2075 μονα-

260 2086 377 2155 χοῖς
442 2085 501 2139 δέ
560 2086 823 2153 πολλάκις
880 2088 982 2163 τὴν
1036 2094 1363 2164 νυκτερινὴν
1414 2096 1837 2169 ἐπισυμδαίνειν

260 2177 550 2247 ἐπήρειαν,
599 2180 736 2236 άλλά
783 2185 879 2237 καὶ
929 2184 1105 2255 θυμοῦ
1163 2188 1259 2241 καὶ
1312 2191 1703 2259 μνησικακίας,
1740 2195 1838 2247 καὶ

261 2268 477 2323 πολλῶν
534 2273 739 2343 ἐτέρων
785 2274 976 2329 παθῶν
1023 2278 1289 2349 ἐπήρειαν
1316 2281 1658 2349 ἐπιγίνεσθαι
1690 2283 1839 2339 πλεί-

264 2378 412 2426 στοις
445 2361 690 2421 ἐπιθέσει
723 2366 818 2422 τοῦ
849 2370 1115 2442 πονηροῦ.
1145 2371 1365 2429 Τούτων
1398 2375 1455 2429 δέ
1488 2376 1710 2433 πάντων
1737 2379 1842 2433 άπ-

257 2457 604 2527 ηλλαγμένος
635 2458 843 2536 όφείλει
894 2452 1035 2517 εἶναι
1087 2464 1117 2516 ό
1163 2463 1383 2535 άληθῶς
1399 2468 1621 2539 σίερεὺς,
1655 2469 1717 2524 τὸ
1741 2470 1838 2525 τοῦ

265 2552 503 2624 μεγάλου
545 2552 850 2619 Βασιλείου,
874 2554 921 2608 εί
962 2553 1211 2621 δυνατὸν,
1244 2557 1595 2628 ἐνεργείσθω,
1634 2562 1696 2616 τὸ
1741 2564 1840 2631 τῆς

264 2643 564 2714 ἐὸδομάδος
614 2646 877 2715 τετράκις
929 2646 1256 2718 ίερουργεῖν,
1307 2648 1382 2713 ὡς
1412 2636 1653 2719 εἴρηται.
1691 2654 1753 2708 Et
1794 2654 1839 2708 δ’

263 2734 382 2806 οἷν,
406 2736 509 2792 κᾶν
533 2736 616 2801 δὶς
639 2737 737 2806 τῆς
766 2737 1063 2808 ὲὸδομάδος
1090 2738 1508 2812 ἀπαραιτήτως.
1533 2743 1706 2799 Τοῦτο
1734 2746 1841 2815 γάρ

265 2832 362 2886 καὶ
393 2833 508 2894 τοῖς
530 2833 595 2885 ἐν
618 2833 807 2902 κόσμῳ
829 2833 926 2889 καὶ
961 2836 1222 2906 μοναχοῐς
1254 2835 1478 2892 δυνατόν
1511 2839 1627 2893 ἐστι
1658 2840 1751 2895 καὶ
1778 2843 1840 2896 οὐ

266 2922 423 2995 χώρα
452 2922 663 2987 τούτοις
697 2922 1017 2992 ἀπολογίας.
1052 2928 1119 2995 τῇ
1141 2926 1264 2980 τῶν
1296 2928 1457 2981 πέντε
1490 2930 1714 3002 ἡμερῶν
1748 2949 1844 2995 με·

1856 1684 1907 1745 Β

1936 1746 2174 1802 pcrsaepe
2203 1733 2457 1789 accidunt
2482 1744 2762 1790 nocturnae
2808 1734 3158 1795 tentationes,
3206 1735 3290 1790 vel
3330 1733 3520 1804 irae,et

1934 1822 2100 1877 animi
2128 1825 2371 1881 rancoris
2388 1838 2483 1881 aut
2518 1828 2756 1897 plurium
2787 1827 3017 1882 aliarum
3044 1825 3357 1897 passionum
3386 1834 3514 1881 ten-

1937 1914 2172 1971 tationes
2192 1916 2427 1972 maxime
2459 1919 2931 1988 praeoccupatione
2965 1917 3232 1972 daemonis
3268 1933 3283 1980 ;
3310 1916 3382 1972 ab
3411 1913 3524 1971 tttts
3637 1951 3642 1958 ·

1934 2006 2195 2061 omnibus
2225 2007 2391 2079 longe
2426 2009 2620 2065 abesse
2654 2010 2817 2065 debet
2850 2007 3101 2077 quivere
3132 2007 3395 2065 sacerdos
3422 2016 3518 2063 est

1937 2108 1989 2155 ct
2013 2106 2282 2170 quantum
2313 2107 2494 2170 potest
2526 2101 2706 2173 magni
2760 2099 2943 2155 Basilii
2976 2115 3228 2156 normam
3272 2100 3430 2169 sequi
3459 2107 3522 2154 ut

1938 2200 2133 2261 quater
2160 2192 2214 2246 in
2252 2192 2588 2248 bebdomada
2631 2193 2893 2249 celebret.
2953 2191 3050 2247 Sin
3081 2192 3266 2253 aliter.
3328 2192 3521 2246 saltem

1940 2281 2028 2336 bis
2052 2279 2107 2335 in
2131 2282 2472 2337 hebdomada
2504 2281 2600 2338 sed
2628 2292 2780 2338 certo
2811 2298 2828 2347 ς
2867 2284 2971 2338 Ιιοο
2990 2282 3137 2338 enim
3171 2289 3225 2337 et
3259 2280 3329 2336 iis
3352 2280 3444 2348 qui
3470 2279 3524 2335 iu

1940 2369 2148 2425 mundo
2174 2380 2307 2425 sunt
2335 2379 2393 2425 et
2422 2370 2716 2425 monachis
2741 2370 2966 2425 omnino
2996 2369 3259 2441 possibile
3286 2378 3392 2428 est.
3424 2382 3526 2424 nec

1941 2460 2049 2517 illis
2080 2477 2206 2518 esse
2255 2471 2443 2533 potest
2490 2461 2865 2519 excusationis
2940 2462 3137 2528 locus;
3169 2470 3523 2533 possuntque

1942 2568 2042 2624 per
2072 2552 2211 2610 alios
2242 2555 2483 2625 quinque
2512 2555 2631 2610 dies
2675 2553 3032 2609 meditatione
3066 2562 3123 2609 et
3156 2562 3366 2608 attenta
3389 2567 3523 2608 cura

1943 2657 1996 2699 et
2027 2644 2379 2700 confessione
2425 2646 2795 2702 innocentiam
2854 2659 3205 2714 recuperare.
3238 2644 3423 2712 Quare
3466 2654 3523 2700 et

1945 2737 2320 2808 praedicationi
2359 2738 2467 2795 illis
2503 2749 2589 2795 est
2626 2738 2960 2794 instandum·
2984 2747 3112 2792 ante
3161 2738 3368 2801 omnia.
3398 2750 3521 2806 qun

1945 2845 2057 2900 prae
2086 2829 2208 2885 aliis
2238 2830 2569 2887 innocentiae
2593 2831 2748 2903 origo
2769 2845 2898 2903 esse
2926 2838 3132 2901 potest.
3162 2839 3218 2886 et
3242 2829 3418 2902 magis
3436 2835 3521 2883 est

1948 2921 2329 2978 sacerdotibus
2356 2922 2664 2979 neccssaria
2718 2924 2810 2993 qui
2855 2923 3118 2993 perpetim
3151 2922 3422 2979 accedunt
3450 2920 3522 2977 ad

264 3012 399 3087 λέτῃ
425 3011 521 3068 καὶ
547 3014 790 3085 προσοχῇ
818 3014 913 3067 καὶ
943 3013 1337 3087 ἐξομολογήσει
1369 3018 1844 3092 προκαθαίρεσθαι
1869 3014 1917 3078 C
1953 3012 2122 3068 Deum
2148 3014 2243 3084 qui
2276 3013 2462 3070 omnia
2513 3014 2661 3071 videt
2707 3023 2764 3071 et
2796 3015 3132 3086 poenitentiae
3158 3014 3251 3071 dat
3285 3014 3524 3072 veniam.

263 3104 607 3174 δυναμένοις.
642 3107 736 3158 Διὸ
767 3104 864 3160 καὶ
906 3103 1007 3173 τῆς
1038 3105 1448 3178 ἐξαγορεύσεως
1486 3110 1594 3182 πρὸ
1634 3113 1838 3178 παντδς

262 3197 449 3262 αύτοῐς
505 3196 799 3250 ἀνθεκτέον
824 3211 840 3229 ·
898 3196 980 3250 ὅτι
1030 3197 1128 3251 καὶ
1181 3198 1318 3270 αὕτη
1353 3199 1462 3270 πρὸ
1507 3202 1618 3256 τῶν
1662 3203 1839 3259 ἄλλων

263 3288 555 3361 καθαιρειν
583 3289 831 3352 δύναται,
863 3291 960 3345 καὶ
986 3292 1098 3354 τοῖς
1146 3291 1386 3363 ἱερεῦσιν
1437 3294 1841 3367 ἀναγκαιοτέρα

261 3382 319 3436 δέ
351 3381 554 3448 μᾶλλον
585 3379 727 3453 αὕτη
767 3383 880 3450 τοῖς
910 3381 1178 3452 διηνεκῶς
1214 3383 1494 3451 ἐγγίζουσι
1543 3387 1623 3458 τῷ
1663 3389 1841 3442 πάντα

264 3475 430 3528 εἰδότι
466 3472 606 3544 Θεῷ,
637 3474 729 3527 καὶ
758 3475 825 3544 τῇ
861 3473 1123 3546 μετανοίᾳ
1160 3473 1260 3545 τὴν
1312 3473 1509 3544 ἄφεσιν
1557 3477 1838 3532 δεδωκότι.

267 3565 331 3618 Et
379 3565 435 3618 δέ
470 3581 531 3632 γε
568 3563 776 3626 πάθους
804 3563 950 3626 τινος
992 3565 1320 3634 ἐπικράτεια
1360 3565 1558 3631 μᾶλλον
1586 3572 1729 3622 κατά
1759 3586 1842 3622 τι-

268 3672 358 3719 νος
383 3654 623 3723 γένοιτο·
663 3653 824 3708 τοῦτο
853 3655 909 3708 δὲ
943 3657 1053 3718 τοῖς
1102 3656 1503 3726 μνησικακοῦσι
1550 3659 1840 3726 συμδαίνει

269 3746 434 3800 πλέον
461 3746 557 3800 καὶ
593 3748 705 3809 τοῖς
743 3747 1014 3820 βασκανίᾳ
1039 3749 1134 3800 καλΙ
1160 3748 1338 3817 φθόνῳ
1367 3764 1799 3822 κεκρατημένοις
1822 3767 1840 3786 ·

266 3837 329 3889 οὗ
357 3836 477 3890 δέον
510 3836 608 3905 μέν
645 3837 736 3890 τὸν
760 3835 838 3906 τῷ
873 3835 1037 3890 πάθει
1070 3837 1268 3890 ἁλόντα
1291 3837 1370 3908 τῷ
1397 3839 1588 3910 άγαθῷ
1618 3841 1715 3894 καὶ
1743 3843 1841 3913 τῆς

267 3927 492 3996 εἰρήνης
529 3926 753 3997 χορηγῷ
800 3928 1188 3996 προσεγγίσαι,
1217 3929 1449 4000 δργανον
1494 3933 1841 3988 καταστάντα

268 4015 347 4085 τῷ
372 4015 614 4086 πονηρῷ,
642 4016 718 4080 ὡς
760 4017 817 4068 ἐν
845 4016 996 4087 αὐτῷ
1033 4017 1125 4071 διὰ
1154 4017 1250 4093 τοχῦ
1280 4019 1489 4086 πάθους
1522 4023 1805 4094 οίκήσαντι
1824 4040 1839 4056 ·

269 4107 585 4170 γινωσκέτω
620 4107 677 4161 δὲ
704 4106 880 4174 οὗτος,
909 4107 986 4172 ὡς
1031 4108 1124 4161 τὸν
1162 4109 1258 4164 τοῦ
1300 4112 1507 4176 πάθους
1549 4114 1708 4184 λόγον
1749 4118 1844 4170 καὶ

275 4202 370 4272 τῆς
397 4201 596 4275 ἀργίας
634 4203 1096 4273 άπαιτηθήσεται,
1130 4192 1467 4277 αἶτεξουσίῳ
1493 4206 1688 4280 γνώμῃ
1717 4208 1842 4261 ἐαυ-

273 4294 365 4346 τ’»ν
390 4294 578 4357 ἐκδοὺς
617 4297 744 4357 ταῖς
787 4293 882 4346 τοῦ
912 4294 1149 4364 πονηροῦ
1183 4295 1534 4365 συμὸουλαῖς.
1568 4296 1705 4350 Οὐδὲ
1732 4300 1842 4369 γὰρ

273 4385 429 4456 ίσχῦς
469 4386 550 4453 τῷ
578 4385 760 4456 ἐχθρῷ
793 4386 900 4454 ὅπη
954 4385 1216 4456 βουλητὸν
1247 4387 1399 4456 αὐτῷ
1425 4389 1575 4458 ἡμᾶς
1607 4391 1844 4459 καταφέ-

271 4491 408 4543 ρειν·
487 4475 572 4528 ὅτι
603 4475 813 4529 δέδοται
833 4476 968 4546 ἡμῖν
993 4475 1210 4543 ἐξουσία
1231 4480 1426 4532 πατεῖν
1454 4479 1640 4534 ἐπάνω
1667 4478 1846 4547 δφεων

271 4567 368 4619 καὶ
403 4568 703 4637 σκορπίων,
734 4567 846 4620 τῶν
877 4568 1184 4622 ἐπιδούλων
1223 4572 1322 4624 καὶ
1358 4573 1695 4641 νεκροποιῶν
1731 4574 1846 4628 δαι-

274 4657 474 4724 μόνων.
507 4658 601 4710 καὶ
629 4661 720 4710 ἐπὶ
754 4661 936 4712 πᾶσαν
967 4659 1133 4712 αὑτοῦ
1165 4658 1260 4713 τοῦ
1293 4661 1529 4732 πονηροῦ
1559 4661 1657 4733 τὴν
1689 4662 1848 4717 δύνα-

275 4764 389 4815 μιν.
425 4749 604 4802 Μόνον
645 4751 754 4818 γὰρ
804 4749 1166 4820 προσδάλλειν
1199 4750 1384 4822 χώραν
1419 4752 1664 4822 εὑρίσκει
1690 4757 1720 4808 ό
1750 4758 1847 4824 τῆς

245 4838 476 4898 *κακίας
504 4839 758 4910 εὑρέτης.
792 4842 886 4904 Εἰς
913 4841 1144 4912 δοκιμὴν
1171 4843 1228 4896 δὲ
1257 4843 1550 4910 καὶτοῦτο,
1574 4844 1651 4909 ὡς
1679 4846 1849 4912 ἔγνω-

277 4944 403 4998 μεν,
430 4928 538 4981 τῶν
569 4930 778 4983 πιστῶν
803 4949 863 4984 τε
897 4933 992 4984 καὶ
1023 4932 1295 4986 ἐκλεκτῶν
1319 4945 1334 4961 ·
1366 4934 1428 4987 οὐ
1466 4935 1574 5006 μὴν
1602 4935 1725 5004 βίαν
1754 4938 1849 4988 ἐπ-

275 5018 435 5085 άγειν
471 5019 607 5083 ὅλως
637 5021 733 5073 καλΙ
761 5025 1064 5092 τυραννεῖν.
1095 5024 1222 5077 Ὅτι
1250 5023 1374 5078 ούδέ
1408 5026 1553 5079 κατά
1583 5026 1693 5080 τῶν
1719 5027 1846 5082 άλό·

280 5128 396 5178 γων
428 5112 621 5180 ἰσχύει.
652 5113 854 5181 κτίσμα
882 5114 1167 5183 τυγχάνων
1214 5114 1375 5169 Θεοῦ.
1417 5116 1496 5186 Τῇ
1525 5117 1846 5187 προαιρέσει

275 5206 459 5256 τοίνυν
482 5208 515 5274 η
526 5205 646 5273 μῶν
676 5205 769 5258 καὶ
798 5206 1016 5276 θελήσει
1049 5210 1304 5277 κειμένου
1344 5208 1440 5260 τοῦ
1472 5209 1630 5279 νικᾷν
1661 5209 1846 5272 αὐτὸν,

276 5296 370 5348 καὶ
411 5295 508 5364 τὴν
543 5296 745 5364 ἀρετὴν
775 5296 1100 5368 κατορθοῦν,
1137 5297 1654 5369 κατακριθησόμεθα
1686 5299 1850 5351 νικώ-

281 5403 437 5451 μενοι
472 5386 600 5456 παρ’
635 5387 827 5451 αὐτοῦ,
856 5390 946 5440 καὶ
974 5387 1063 5440 διά
1096 5387 1268 5450 πάθος
1292 5404 1343 5440 τι
1370 5387 1677 5457 βδελυκτὸν,
1704 5391 1852 5461 τηλι-

280 5475 492 5542 καύτης
533 5478 889 5547 στερούμενοι
943 5477 1340 5547 ύπερουρανίου
1372 5477 1601 5548 δωρεᾶς,
1640 5481 1742 5549 τῆς
1788 5499 1851 5535 τε

282 5571 603 5640 ἱερουργίας
631 5570 798 5640 φημὶ,
824 5572 917 5625 καὶ
956 5568 1051 5622 τοῦ
1098 5569 1164 5620 ἐκ
1193 5567 1395 5639 ταύτης
1426 5570 1722 5640 άγιασμοῦ.
1753 5574 1854 5628 Διὰ

284 5661 445 5714 zoom
473 5666 565 5716 καὶ
587 5661 889 5733 ναθαρτέον
909 5660 1082 5729 ὁπόση
1101 5659 1350 5728 δύναμις,
1371 5660 1465 5714 καὶ
1486 5661 1853 5720 σπουδαστέον

1944 3102 1998 3159 Si
2045 3103 2217 3173 igitur
2261 3104 2496 3174 alicujus
2554 3106 2635 3160 vis
2682 3106 2961 3176 passionis
2999 3116 3189 3163 contra
3227 3105 3523 3176 quemdam

1941 3194 2292 3259 saeviat3ltoc
2334 3203 2515 3248 autem
2556 3195 2727 3265 magis
2778 3195 2980 3251 accidit
3025 3196 3226 3250 amaris
3282 3194 3369 3250 vel
3419 3208 3525 3250 εω-

1945 3283 2217 3339 vieutibus
2248 3285 2375 3340 odio
2403 3285 2488 3339 vel
2516 3284 2719 3340 invidia
2744 3285 3084 3356 consumptis
3110 3300 3129 3353 3
3163 3300 3270 3340 non
3301 3284 3522 3356 quidem

1942 3385 2156 3444 oportet
2176 3377 2435 3432 accedere
2460 3376 2527 3431 ad
2550 3392 2674 3431 eum
2694 3378 2787 3448 qui
2813 3377 2990 3433 bonus
3008 3388 3094 3434 est
3119 3385 3175 3433 et
3196 3378 3303 3433 dux
3334 3377 3525 3448 pacifl-

1942 3479 2077 3530 cus;
2133 3479 2258 3534 eum
2300 3466 2392 3535 qui
2450 3467 2706 3534 passione
2748 3478 3056 3523 excaecatur
3106 3482 3229 3524 cum
3280 3467 3400 3538 ipsc
3446 3468 3520 3524 ait

1943 3555 2120 3610 factus
2138 3554 2261 3609 mali
2291 3570 2553 3624 organum
2582 3555 2674 3624 qui
2704 3555 2756 3609 in
2782 3571 2849 3612 eo
2876 3558 3061 3612 sedem
3089 3574 3187 3628 per
3210 3561 3519 3629 passionem

1943 3646 2128 3701 habet.
2150 3645 2454 3715 Cognoscat
2484 3653 2665 3699 autem
2687 3645 2777 3701 ille
2802 3648 2930 3717 quia
2959 3649 3234 3719 passionis
3260 3659 3315 3705 et
3340 3652 3515 3721 negli-

1942 3742 2134 3810 genua*
2160 3737 2426 3792 rationem
2461 3737 2687 3802 reddet,
2729 3753 2788 3793 se
2814 3738 3124 3794 voluntarie
3169 3740 3523 3807 scienterque

1943 3833 2183 3887 subdens
2208 3828 2334 3885 mali
2369 3829 2834 3901 suggestionibus.
2860 3829 2978 3885 Non
3003 3841 3087 3887 est
3115 3833 3263 3886 enim
3298 3831 3523 3885 inimico

1943 3933 2185 3995 potestas
2213 3938 2311 3979 nos
2341 3937 2687 3993 utrocumque
2731 3923 2969 3980 voluerit
3012 3923 3292 3994 impellere
3318 3939 3335 3988 ;
3359 3923 3521 3977 nobis

1943 4015 2196 4091 equidem
2229 4014 2351 4071 data
2384 4024 2468 4069 est
2496 4014 2725 4070 libertas
2753 4013 3001 4070 calcandi
3031 4023 3345 4084 serpentes,
3371 4016 3521 4084 aspi-

1946 4110 2045 4163 des
2083 4117 2139 4162 et
2165 4107 2508 4177 scorpiones,
2558 4104 2834 4161 daemones
2893 4106 3104 4162 scilicet
3158 4112 3430 4163 tentantes
3467 4115 3525 4160 ea

1946 4210 2178 4256 mortem
2204 4197 2526 4262 inferentes,
2554 4205 2610 4251 et
2634 4197 2921 4253 incedendi
2972 4212 3136 4268 snper
3159 4213 3378 4253 omnem
3412 4200 3522 4254 vir·

1950 4304 2121 4348 tutem
2155 4291 2438 4349 daemonis.
2499 4289 2855 4345 Solummodo
2893 4289 3166 4344 licentiam
3216 4289 3375 4343 habet
3422 4306 3523 4344 nos

1952 4383 2303 4456 impugnandi
2329 4382 2547 4437 malitiae
2572 4382 2675 4437 istc
2698 4382 2874 4436 tristis
2907 4381 3177 4442 inventor.
3217 4381 3269 4435 in
3302 4383 3521 4452 experi-

1954 4484 2221 4539 mentum,
2249 4484 2310 4527 ut
2360 4473 2617 4528 novimus
2661 4471 2903 4528 fidelium
2946 4479 3005 4526 et
3048 4471 3370 4537 electorum,
3412 4488 3521 4527 non

1951 4576 2135 4622 autem
2160 4565 2331 4619 vitam
2353 4562 2548 4632 agendi
2587 4571 2640 4616 et
2684 4560 2966 4632 tyrannice
3010 4561 3238 4615 omnino
3273 4561 3520 4632 regendi.

1946 4653 2558 4714 Contra''irrationabilia
2578 4650 2714 4707 nibil
2737 4659 2935 4721 potu-st.
2964 4667 3088 4722 quae
3110 4652 3204 4707 Dei
3221 4662 3350 4707 sunt
3370 4667 3526 4708 crea-

1949 4746 2241 4805 tura.t3um
2269 4747 2431 4819 igitur
2465 4760 2563 4816 per
2593 4759 2694 4798 nos
2717 4753 2824 4798 stet
2840 4752 2899 4798 ut
2925 4743 3280 4798 inclinatione
3318 4745 3519 4798 mentis

1948 4850 2004 4897 et
2032 4840 2307 4894 voluntate
2333 4839 2620 4893 vincamus
2669 4835 2820 4890 illum
2840 4845 2896 4890 et
2920 4834 3221 4889 secundum
3251 4835 3505 4888 virtutem

1950 4943 2098 4989 recte
2116 4932 2386 4990 vivamus.
2420 4928 2910 4985 condemnabimur
2947 4927 2993 4982 si
3039 4927 3108 4979 ab
3149 4925 3268 4993 ipso
3316 4933 3521 4979 attera·

1951 5040 2075 5080 mur
2096 5034 2153 5079 et
2180 5022 2311 5077 illud
2339 5020 2668 5076 horrendum
2712 5019 3005 5073 subeamus
3034 5026 3097 5070 nt
3125 5031 3154 5068 a
3188 5023 3336 5067 tanta
3368 5015 3519 5067 deci-

1948 5116 2141 5172 damus
2194 5116 2366 5184 gratia
2406 5110 2780 5182 supcrcoelesti
2803 5147 2819 5169 .
2848 5106 3152 5163 sacerdotio
3182 5110 3428 5175 inquam,
3457 5114 3519 5168 et

1950 5206 2362 5262 consecratione
2380 5217 2498 5270 quae
2525 5212 2610 5254 cst
2656 5215 2721 5252 ex
2777 5199 2886 5252 ilio.
2933 5198 3115 5262 Quare
3157 5210 3287 5264 ergo
3330 5206 3519 5249 sancte

1950 5312 2003 5354 et
2027 5313 2159 5368 pure
2183 5295 2339 5349 nobis
2366 5292 2655 5346 vivendum
2690 5303 2775 5346 est
2815 5290 2964 5343 omni
2996 5288 3285 5342 conamine
3319 5299 3373 5343 et
3401 5288 3516 5343 for·

1954 5389 2217 5450 titudine;
2244 5384 2542 5439 etomnino
2562 5383 2843 5436 nitendum
2873 5395 2940 5435 ne
2962 5378 3268 5434 incidamus
3296 5380 3352 5434 in
3375 5381 3513 5434 retia

1956 5480 2106 5535 mali.
2131 5475 2518 5533 Custodiamus
2545 5473 2908 5540 nosmetipsos
2938 5471 3029 5540 qui
3073 5471 3384 5527 sacerdotio
3425 5470 3514 5524 di-

1955 5573 2043 5641 gni
2071 5582 2260 5624 sumus
2287 5565 2479 5629 habiti,
2508 5575 2569 5618 ιιι
2604 5562 2934 5618 immaculati
2972 5573 3237 5630 quantum
3274 5561 3332 5616 in
3361 5561 3519 5617 nobis

1954 5671 2033 5713 est
2062 5657 2384 5711 assistamus
2422 5664 2475 5708 et
2518 5653 2893 5706 ministremus
2935 5649 3044 5704 Deo
3081 5650 3430 5705 immaculato
3460 5660 3517 5706 et
